2423 3749
75 197 151 238 132

76 1359 259 1395 Calendar

77 1407 146 1443 No.
165 1406 243 1442 338.

77 2429 263 2464 Calendar-

78 2476 145 2512 No.
163 2476 240 2511 340.

82 3116 267 3151 Calendar

84 3162 151 3197 No.
171 3163 248 3197 345.

922 182 1234 223 CHARTERS
1277 181 1352 222 OF
1393 181 1655 222 WILLIAM
1697 182 1743 222 ΙΙ

369 301 570 348 quantum
592 298 676 347 ipse
696 298 738 334 in
759 295 942 334 dominio
956 308 1030 332 suo
1052 294 1147 331 inde
1165 293 1341 332 tenebat.
1402 294 1454 331 In
1471 293 1548 331 hoc
1561 296 1701 331 autem
1716 291 1900 330 dominio
1916 295 2155 332 numeratur
2174 296 2281 331 terra

370 352 526 402 Pagani
546 352 616 401 qui
636 353 733 388 tunc
752 348 947 396 temporis
971 347 1203 396 prepositus
1222 347 1279 385 ibi
1300 349 1398 385 erat.
1455 347 1575 384 Hanc
1600 347 1727 395 igitur
1750 345 2009 384 mansionem
2029 349 2069 384 et
2089 347 2279 397 quicquid

370 404 657 456 quoquomodo
677 403 727 440 ad
747 402 861 439 illam
885 401 1064 450 pertinet
1092 402 1249 439 eisdem
1279 400 1492 438 monachis
1516 400 1703 447 concedo,
1725 402 1766 438 et
1786 401 1832 437 ut
1856 399 2132 438 insolubiliter
2157 401 2281 439 libere

371 460 475 497 illud
504 457 739 507 possideant
767 454 895 504 regali
923 454 1163 493 auctoritate
1195 455 1363 503 impero,
1394 453 1500 492 sicut
1527 453 1770 491 Willelmus
1798 452 1902 490 illud
1933 452 1977 491 in
2001 453 2183 492 dominio
2207 468 2284 492 suo

370 512 543 550 habebat
563 510 628 547 die
645 522 724 558 qua
743 509 865 546 viuus
883 510 925 546 et
945 510 1133 546 mortuus
1149 508 1239 546 fuit.
1292 507 1447 546 Eadem
1463 507 1704 546 auctoritate
1720 507 1778 545 eis
1793 505 1968 545 concedo
1983 509 2114 545 totam
2128 509 2282 546 terram

371 579 493 615 quam
512 563 752 601 &Villelmus
772 562 815 600 in
832 561 1015 600 dominio
1035 561 1212 600 habebat
1232 563 1276 600 in
1301 561 1439 600 insula
1456 561 1500 599 in
1520 574 1600 610 qua
1615 560 1912 600 monasterium
1928 561 2207 599 reedificatum
2223 563 2284 599 est

371 632 492 668 quam
523 618 609 667 ipse
638 617 687 654 ad
715 617 987 665 augmentum
1025 616 1245 654 elemosine
1281 629 1354 654 sue
1381 615 1441 653 eis
1469 615 1596 654 dedit.
1665 615 1821 653 Hidam
1854 615 1982 654 etiam
2019 616 2126 653 terre
2159 628 2285 664 quam

371 671 618 710 Eustachius
646 670 690 707 in
721 670 970 720 Borgemera
998 669 1189 719 possedit,
1221 672 1261 707 et
1290 671 1376 719 ipse
1405 669 1550 707 eodem
1577 669 1701 707 modo
1730 668 1788 707 eis
1817 669 1943 717 dedit,
1972 670 2013 707 et
2041 682 2113 719 ego
2141 669 2284 706 eodem

369 726 491 764 modo
519 724 577 762 eis
605 724 792 762 concedo.
850 724 904 761 Et
934 726 979 761 ut
1009 724 1175 761 donatio
1200 723 1274 761 hec
1294 723 1414 761 firma
1433 725 1473 760 et
1493 723 1735 761 inconcussa
1754 726 1950 772 perpetuo
1970 725 2144 769 maneat,
2167 722 2286 772 signo

368 781 506 818 sancte
526 778 667 817 Crucis
693 791 818 816 manu
844 777 1008 827 propria
1028 777 1268 816 confirmavi
1287 779 1328 815 et
1348 776 1540 815 manibus
1564 776 1750 815 fidelium
1774 790 1960 816 meorum
1985 776 2285 815 testificandam

368 832 530 871 tradidi.
568 831 743 881 Signum
755 839 788 873 -Ι-
799 831 1006 869 Willelmi
1019 831 1138 880 regis.
1184 831 1221 870 S.
1235 839 1269 874 -4-
1283 830 1485 869 Gunnulfi
1501 830 1690 880 episcopi.
1733 831 1772 868 S.
1787 839 1820 872 4-
1830 830 2039 869 Willelmi
2053 830 2288 868 Teforensis

369 886 557 936 episcopi.
601 886 640 924 S.
655 893 688 927 -ι-
701 885 851 933 Rogeri
863 885 1036 923 comitis.
1079 885 1118 923 S.
1133 892 1167 927 -ι-
1179 885 1346 923 Roberti
1360 884 1535 923 comitis.
1579 884 1617 923 S.
1631 882 1647 936 [
1659 881 1907 936 ÷]Wa1teri
1922 883 2147 935 Gyphardi.
2190 884 2229 923 S.
2244 892 2278 926 ÷

371 940 542 978 Henrici
562 939 611 977 de
627 939 835 977 Ferrariis.
885 939 925 977 S.
940 947 974 981 4-
985 938 1157 977 Henrici
1172 939 1222 977 de
1238 938 1508 977 Bellomonte.
1558 938 1597 977 S.
1613 946 1646 980 -1-
1657 938 1821 976 comitis
1840 939 1978 977 Alani.
2026 939 2064 977 S.
2081 947 2114 980 -1-
2125 937 2287 976 comitis

370 994 563 1043 Hugonis
595 993 645 1031 de
678 993 828 1032 Cestra.
890 993 929 1031 S.
946 992 1176 1042 ÷Rotgerii
1203 993 1251 1031 de
1281 992 1484 1031 Busliaco.
1541 992 1843 1034 S.÷Bernardi
1871 992 1920 1031 de
1949 993 2066 1031 Novo
2095 991 2285 1030 Mercato.

371 1047 659 1090 S.÷Wa1terii
685 1048 734 1085 de
755 1046 970 1085 Aincurte.
1027 1047 1066 1085 S.
1081 1047 1328 1089 ÷Ricoardi.
1387 1047 1426 1085 S.
1442 1045 1652 1088 ÷Radu1fi
1677 1047 1726 1084 de
1750 1046 1952 1085 caisneto.
2012 1046 2051 1085 S.
2068 1045 2289 1088 ÷Ricardi.

369 1103 409 1141 S.
431 1110 464 1143 -Ι-
487 1101 679 1151 Hugonis
699 1101 778 1139 filii
795 1100 935 1139 Golde.
982 1100 1023 1139 S.
1037 1109 1071 1143 -l-
1083 1101 1295 1139 Godefridi
1310 1101 1360 1139 de
1375 1100 1637 1150 Petraponte.
1680 1100 1718 1138 S.
1734 1108 1767 1143 ÷
1780 1100 1974 1150 Hugonis
1989 1099 2038 1138 de
2052 1099 2287 1137 Wanciaco.

418 1170 703 1216 [Confirmation
721 1169 816 1212 Roll,
835 1169 856 1203 2
875 1169 1004 1215 chry
1020 1170 1125 1214 VIII,
1143 1172 1195 1215 pt.
1213 1171 1248 1212 4,
1268 1168 1334 1205 No.
1354 1168 1424 1213 17.]

1294 1277 1377 1316 LII

487 1353 678 1388 Charter
706 1353 755 1388 of
779 1351 979 1387 William
1007 1350 1056 1386 11
1085 1351 1132 1386 in
1159 1351 1321 1451 {gvom
1351 1352 1400 1387 of
1424 1351 1630 1451 Thfmas,
1661 1350 1946 1395 Archbishop
1976 1351 2025 1386 of
2048 1350 2174 1386 York

1213 1416 1267 1441 ec.
1292 1406 1353 1449 25,
1381 1406 1484 1441 1093
1504 1433 1512 1441 .

426 1474 669 1513 'VVillelmus
692 1487 761 1512 rex
781 1474 931 1523 Anglie
952 1476 1027 1512 etc.
1088 1474 1134 1512 G.
1159 1473 1344 1513 Brenard
1364 1474 1448 1523 (sic)
1470 1475 1508 1512 et
1530 1473 1724 1512 omnibus
1743 1473 1934 1511 fidelibus
1953 1472 2039 1511 suis
2066 1472 2234 1510 Francis
2254 1474 2293 1510 et

373 1529 524 1579 Anglis
542 1529 730 1567 salutem.
790 1528 894 1566 Volo
910 1530 956 1566 ut
972 1527 1110 1566 sciatis
1126 1528 1233 1577 quod
1251 1541 1324 1577 ego
1340 1527 1553 1566 ecclesiam
1574 1527 1713 1565 Sancti
1726 1526 1935 1576 Stephani,
1953 1540 2031 1576 que
2046 1526 2090 1564 in
2111 1526 2293 1564 Eboraco

372 1585 489 1622 iuxta
517 1585 709 1632 stagnum
738 1582 817 1620 sita
840 1583 916 1629 est,
940 1584 981 1620 et
1007 1582 1114 1632 quod
1144 1582 1311 1630 adiacet,
1339 1582 1514 1620 concedo
1534 1582 1692 1620 Thome
1714 1581 2036 1630 Archiepiscopo
2060 1582 2100 1618 et
2125 1579 2293 1618 ecclesie

373 1638 512 1677 Sancti
540 1637 657 1675 Petri
680 1637 725 1674 in
747 1636 957 1675 excambio
976 1650 1048 1685 pro
1068 1635 1140 1674 illa
1166 1639 1274 1674 terra
1292 1636 1336 1674 in
1357 1649 1437 1686 qua
1455 1635 1649 1674 abbathia
1668 1636 1816 1674 Sancte
1845 1635 1975 1673 Marie
2005 1634 2126 1673 Ebor’
2146 1634 2293 1672 consti-

371 1693 461 1730 tuta
480 1693 552 1739 est,
576 1692 623 1729 ut
642 1691 793 1729 exhinc
812 1690 1004 1729 abbathia
1028 1690 1211 1739 predicta
1233 1690 1284 1728 ab
1308 1690 1425 1728 omni
1450 1690 1659 1729 calumnia
1679 1702 1818 1728 secura
1836 1691 1876 1727 et
1896 1689 2023 1727 libera
2042 1691 2291 1737 permaneat.

371 1747 528 1784 Actum
556 1747 618 1784 est
647 1745 723 1783 hoc
752 1744 797 1783 in
826 1744 998 1783 concilio
1029 1744 1135 1793 apud
1167 1744 1438 1783 Glocestriam
1467 1744 1597 1782 natali
1630 1744 1788 1782 domini
1817 1756 1896 1793 quo
1925 1743 1983 1780 ibi
2011 1742 2194 1792 primum
2224 1755 2295 1780 rex

373 1801 530 1838 curiam
559 1812 675 1838 suam
704 1798 852 1845 tenuit,
884 1798 1147 1837 audientibus
1174 1798 1267 1837 istis
1295 1800 1336 1836 et
1364 1798 1602 1837 videntibus
1637 1811 1812 1847 quorum
1842 1797 2012 1836 nomina
2043 1796 2109 1834 hic
2142 1796 2295 1835 inserta

375 1856 485 1892 sunt.
541 1853 769 1892 Anselmus
795 1854 911 1892 Cant*
939 1852 1295 1902 Archiepiscopus,
1317 1852 1497 1890 Thomas
1525 1852 1648 1891 Ebor'
1671 1852 2026 1901 Archiepiscopus,
2052 1850 2295 1888 Willelmus

375 1907 669 1946 Dunelmensis
690 1907 925 1957 Episcopus,
948 1906 1151 1945 Robertus
1172 1906 1328 1945 Cestrie
1355 1906 1594 1956 Episcopus,
1618 1905 1825 1944 Robertus
1845 1905 2036 1944 Herford’
2056 1904 2294 1954 Episcopus,

374 1962 401 2000 J
405 1962 587 2000 ohannes
614 1961 834 2000 Somerset'
864 1960 1103 2009 Episcopus,
1131 1960 1361 1999 Simundus
1387 1960 1469 2009 (sic)
1494 1959 1811 1998 Sarisburiensis
1839 1959 2076 2008 Episcopus,
2105 1957 2295 1996 Walche-

376 2016 488 2054 linus
511 2015 816 2053 Wintoniensis
842 2015 1079 2064 Episcopus,
1106 2014 1327 2053 Mauritius
1354 2014 1541 2052 London’
1566 2014 1802 2064 Episcopus,
1835 2013 2063 2051 Herbertus
2086 2012 2296 2050 Thetford'

376 2070 614 2119 Episcopus,
657 2069 892 2118 Ginulphus
928 2068 1011 2116 (sic)
1050 2068 1263 2106 Rochestr'
1300 2069 1536 2118 Episcopus,
1578 2068 1784 2106 Robertus
1828 2066 2017 2105 Lincoln'
2055 2066 2291 2116 Episcopus,

376 2123 566 2161 Herueus
579 2123 718 2161 Sancti
731 2123 864 2161 Dauid
877 2122 1118 2172 Episcopus,
1133 2121 1334 2161 Radulfus
1348 2122 1517 2161 Cicestr’
1527 2122 1766 2172 Episcopus,
1781 2121 2071 2160 Thurstennus
2084 2120 2295 2159 Glastonie

377 2177 529 2225 Abbas,
553 2177 768 2216 Gilbertus
789 2176 942 2215 Abbas.

423 2245 632 2291 [Bodleian.
655 2244 873 2280 Dodsworth
889 2243 1136 2289 Transcripts,
1155 2245 1212 2288 63,
1231 2245 1280 2281 fo.
1299 2245 1320 2279 8
1334 2244 1400 2290 v⁰.]

1284 2353 1393 2392 LIII

430 2426 628 2463 William
649 2426 697 2462 II
718 2427 765 2462 in
784 2428 944 2462 favour
964 2427 1011 2463 of
1026 2427 1333 2471 Bermondsey
1352 2426 1530 2472 Priory,
1552 2426 1827 2470 concerning
1848 2426 2060 2463 Chariton
2081 2424 2229 2474 (1093).

431 2495 674 2534 VVillelmus
712 2508 782 2533 rex
819 2496 1057 2545 Anglorum
1189 2495 1200 2515 ¹
1227 2495 1532 2545 archiepiscopo
1570 2497 1611 2533 et
1641 2495 1688 2534 G.
1721 2495 1911 2544 episcopo
1953 2494 2123 2533 Rouesc’
2160 2499 2201 2533 et
2239 2495 2292 2533 H.

378 2549 559 2599 dapifero
587 2552 628 2587 et
657 2549 849 2587 omnibus
878 2550 1069 2588 fidelibus
1097 2550 1183 2588 suis
1220 2549 1487 2599 Francigenis
1514 2551 1555 2587 et
1582 2549 1772 2599 Anglicis
1800 2549 1986 2587 salutem.
2060 2549 2205 2587 Sciatis
2231 2562 2298 2587 me

378 2603 622 2642 concessisse
636 2603 791 2641 donum
805 2604 911 2652 quod
925 2604 1022 2642 fecit
1035 2604 1240 2642 Robertus
1253 2603 1531 2642 Cancellarius
1539 2616 1667 2651 meuS‚
1678 2603 2091 2653 videlicetepiscopus
2099 2603 2293 2648 Lincoln',

378 2657 428 2695 de
448 2657 632 2695 manerio
651 2670 724 2695 suo
745 2657 794 2695 de
814 2657 1059 2696 Cherletona
1078 2658 1185 2707 quod
1208 2657 1321 2696 dedit
1340 2671 1413 2707 pro
1432 2658 1563 2696 salute
1582 2657 1743 2695 animae
1763 2660 1927 2696 nostrae
1945 2657 2137 2695 ecclesiae
2157 2658 2297 2695 Sancti

378 2711 605 2750 Saluatoris
620 2712 668 2750 de
684 2711 1006 2761 Bermundesey.
1066 2712 1121 2750 Et
1135 2711 1229 2750 volo
1243 2714 1290 2750 ut
1308 2711 1501 2750 monachi
1521 2711 1724 2760 predictae
1741 2711 1932 2749 ecclesiae
1947 2711 2004 2749 ita
2019 2710 2243 2749 honorifice
2257 2714 2296 2749 et

377 2765 541 2814 pacifice
568 2767 737 2804 teneant
762 2766 868 2804 sicut
895 2766 1135 2804 Baiocensis
1160 2766 1372 2815 episcopus
1391 2768 1432 2804 et
1451 2765 1654 2804 Robertus
1673 2766 1879 2814 predictus
1905 2765 2053 2804 melius
2072 2767 2296 2803 tenuerunt

379 2822 561 2868 tempore
581 2820 710 2869 patris
730 2820 813 2857 mei
833 2821 873 2858 et
893 2833 984 2858 meo
1008 2821 1205 2869 tempore.
1265 2820 1384 2857 Teste
1406 2819 1596 2869 episcopo
1616 2819 1831 2858 Willelmo
1852 2819 2134 2857 Dunelmensi.

427 2888 537 2933 [ΗΜ.
557 2889 693 2924 Cotton
713 2888 889 2923 Claudius
909 2889 947 2923 A.
966 2888 1068 2929 VIII,
1089 2889 1138 2924 fo.
1158 2889 1225 2924 116
1244 2888 1509 2933 (transcript).]

1182 2935 1192 2954 ¹
1220 2936 1344 2971 Blank
1360 2936 1400 2971 in
1418 2935 1494 2971 MS.

1295 3038 1395 3076 LIV

446 3111 646 3147 William
666 3112 688 3146 Ι
709 3121 759 3146 or
783 3112 832 3146 ΙΙ
852 3112 900 3147 in
919 3112 1078 3147 favour
1098 3112 1147 3147 of
1161 3111 1369 3213 Thprney
1388 3112 1562 3213 Alsbem
1585 3111 1854 3154 concerning
1874 3111 2135 3155 Bolnhurst,
2156 3107 2228 3147 διο.

1245 3166 1428 3201 1085-93
1449 3193 1456 3202 .

435 3233 676 3272 Willelmus
705 3247 774 3272 rex
796 3235 1031 3284 Anglorum
1059 3233 1290 3273 vicecomiti
1316 3235 1357 3271 et
1384 3233 1588 3271 ministris
1609 3236 1650 3271 et
1676 3232 1868 3271 omnibus
1897 3232 2116 3270 baronibus
2140 3232 2227 3270 suis
2251 3233 2298 3269 de

384 3287 703 3335 Bedefordscire,
736 3288 923 3327 salutem.
996 3288 1147 3326 Mando
1185 3290 1226 3325 et
1263 3287 1440 3337 precipio
1468 3290 1514 3326 ut
1545 3287 1770 3325 Gunterius
1807 3286 1934 3324 abbas
1970 3288 2108 3324 teneat
2145 3289 2296 3324 terram

384 3340 431 3377 de
470 3342 729 3380 Bolleherst¹
758 3345 886 3381 totam
926 3342 1096 3380 liberam
1135 3343 1176 3380 et
1213 3341 1408 3391 quietam,
1450 3342 1603 3391 absque
1637 3341 1752 3379 omni
1781 3340 2031 3389 calumpnia,
2063 3340 2170 3378 sicut
2206 3351 2297 3377 eam

384 3395 517 3433 tenuit
549 3395 780 3435 Folcardus.
842 3397 894 3434 Et
925 3395 1137 3434 ecclesiam
1166 3408 1291 3445 quam
1314 3395 1417 3433 Toui
1440 3395 1656 3444 presbyter
1681 3397 1794 3433 tenet
1818 3394 1869 3433 ad
1894 3394 2094 3444 placitum
2114 3393 2295 3432 eiusdem

1119 3466 1129 3485 ¹
1156 3466 1361 3507 HoNeherst,
1377 3464 1558 3510 Dugdale.
