2423 3749
939 189 1244 232 APPENDIX
2247 215 2322 258 133

130 297 290 359 abbatis
317 300 466 338 teneat.
538 300 593 337 Et
620 300 756 338 videte
793 301 898 340 sicut
935 315 1000 341 me
1028 305 1175 343 amatis
1204 308 1249 344 ut
1278 320 1398 345 nemo
1426 308 1607 357 predicto
1635 309 1770 348 abbat-i
1799 322 1920 359 super
1957 312 2031 350 hoc

130 363 327 390 lnlurlam
345 352 474 391 faciat.
535 353 579 391 T.
604 353 652 391 G.
677 354 861 403 episcopo
880 356 929 394 de
950 356 1098 395 Sancto
1118 358 1225 396 Loth
1244 362 1284 397 et
1305 362 1351 399 G.
1376 362 1625 400 cancellario.

178 411 386 466 [Bodleiam
406 413 575 466 Dugdale
593 413 668 448 MS.
689 414 745 457 21,
765 415 812 450 fo.
840 416 906 449 146
926 415 996 456 (Ex
1022 417 1190 462 Registro
1209 420 1368 455 Abbatie
1394 422 1438 456 (le
1460 422 1644 467 Thorney,
1666 435 1780 467 penes
1797 424 2031 468 prenobilem

269 459 461 504 Mildmay,
476 462 651 495 comitem
670 461 956 505 westmorland,
975 464 1109 509 1640).]

1048 545 1121 584 LV

211 612 410 648 William
430 613 478 647 ΙΙ
498 613 547 648 in
565 615 725 650 favour
745 616 794 650 of
808 616 885 651 the
906 618 1065 717 m0(nks
1085 618 1132 653 of
1148 619 1360 718 13urham,
1383 623 1652 665 concerning
1672 622 1941 666 Billingham
2067 617 2247 699 &leffiu-

989 672 1167 707 1087-93
1185 700 1193 708 .
2068 681 2079 697 i
2104 667 2159 698 o.2
2224 691 2231 698 .

184 731 252 770 W.
277 746 348 771 rex
365 733 516 784 Anglie
537 735 584 773 G.
609 735 817 773 Bainardo
845 737 1034 777 salutem.
1091 738 1202 777 Scias
1231 753 1295 777 me
1319 742 1560 779 concessisse
1582 743 1665 780 Deo
1685 745 1723 780 et
1745 744 1783 781 S.
1807 743 2034 781 Cuthberto

130 788 171 824 et
191 787 405 826 monachis
423 787 511 826 suis
527 788 817 838 Bellingaham
837 804 932 829 cum
951 791 1144 830 omnibus
1163 793 1248 830 suis
1263 795 1510 843 appendiciis
1530 795 1586 833 ita
1606 796 1706 834 bene
1726 800 1766 833 et
1786 796 1921 845 quiete
1940 809 2033 834 cum

131 840 326 879 omnibus
353 841 728 890 consuetudinibus,
752 844 858 882 sicut
886 844 1034 883 melius
1062 848 1104 883 et
1132 846 1311 894 quietius
1337 847 1437 886 alias
1465 861 1558 886 suas
1587 851 1714 887 terras
1742 850 1849 887 intra
1873 850 2031 887 Teisam

133 896 174 931 et
200 893 348 933 Tinam
376 895 541 934 habent.
602 896 657 934 Et
683 897 778 935 vide
807 911 858 936 ne
887 898 973 936 ullo
1000 899 1122 936 modo
1150 902 1190 937 te
1217 900 1363 938 amodo
1393 901 1642 940 intromittas
1671 904 1719 940 de
1748 904 1867 941 rebus
1898 916 2031 940 mona-

132 948 305 985 chorum
327 949 423 997 quia
442 949 537 987 volo
557 951 603 987 ut
623 963 717 988 cum
737 951 893 989 honore
912 954 1090 990 teneant.
1149 953 1194 990 T.
1222 953 1269 991 R.
1293 956 1411 992 canc'.

178 1010 360 1056 [Durham
377 1011 588 1055 Cathedral‚
609 1012 733 1048 Prima
750 1013 896 1049 Primae
913 1013 1121 1059 Regalium‚
1141 1015 1206 1050 No.
1226 1016 1245 1049 7
1266 1016 1468 1061 (original).

224 1057 278 1092 Cf.
297 1060 513 1094 Famam-sum
530 1061 718 1095 P1·ioratus
733 1062 990 1102 Demelmmesek,
1009 1073 1044 1106 p.
1066 1061 1131 1095 138
1149 1062 1263 1106 note]

1038 1148 1135 1186 LVI

390 1218 591 1255 William
621 1220 669 1253 ΙΙ
698 1219 745 1254 in
774 1220 935 1256 favour
963 1221 1011 1256 of
1035 1222 1168 1256 Peter
1197 1222 1252 1258 de
1281 1223 1502 1266 Valognes
1531 1220 1756 1268 (1087-93).
2071 1215 2249 1250 calendar

187 1284 428 1324 Willelmus
455 1299 527 1324 rex
555 1286 790 1337 Anglorum
810 1288 857 1326 R.
880 1288 1020 1326 comiti
1039 1289 1080 1326 et
1100 1288 1291 1327 omnibus
1320 1290 1405 1327 suis
1433 1289 1623 1328 fidelibus
1651 1291 1698 1328 de
1727 1290 2034 1329 Hertfordscire.
2072 1262 2138 1297 NO'
2158 1262 2237 1297 '346'

135 1339 282 1377 Sciatis
308 1351 374 1377 me
404 1341 650 1379 concessisse
674 1341 799 1379 Petro
826 1341 874 1379 de
897 1341 1084 1380 Valoniis
1110 1342 1278 1380 domum
1306 1343 1355 1381 de
1381 1343 1578 1381 Hertford
1604 1357 1697 1382 cum
1723 1345 1972 1382 molendinis
1997 1347 2039 1382 et

133 1405 229 1430 cum
256 1393 385 1431 molta
412 1407 564 1442 eorum,
595 1397 636 1433 et
664 1395 870 1444 quoddam
896 1395 1130 1433 manerium
1157 1396 1324 1434 nomine
1347 1397 1555 1446 Begeford’
1581 1397 1624 1435 in
1648 1397 1760 1435 feodo
1786 1412 1858 1447 pro
1882 1398 2040 1436 duobus

134 1446 330 1484 maneriis
345 1461 424 1497 que
444 1448 642 1487 debebam
663 1449 734 1496 illi,
758 1449 910 1487 scilicet
930 1449 1144 1500 Begeford’
1162 1462 1255 1487 cum
1271 1450 1532 1500 appendiciis.
1592 1451 1784 1489 Testibus
1800 1452 1836 1489 S.
1855 1452 2040 1502 episcopo

133 1503 175 1539 et
195 1500 250 1538 H.
274 1500 514 1540 vicecomite
534 1503 607 1551 qui
626 1502 722 1541 fecit
741 1504 862 1541 breve
880 1503 981 1541 fieri.

182 1564 335 1609 [PRO.
355 1564 487 1599 Cartae
505 1564 705 1609 Antiquae,
726 1566 768 1600 K.
788 1566 860 1612 22]

1032 1630 1155 1669 LVII

268 1701 468 1737 William
496 1703 545 1738 ΙΙ
574 1703 621 1738 in
651 1703 811 1738 favour
839 1703 888 1738 of
911 1702 989 1738 the
1017 1703 1168 1738 Abbot
1195 1703 1245 1738 of
1269 1703 1330 1738 St.
1364 1701 1652 1746 Augustine’s
1676 1701 1907 1750 (1087-94).
2076 1703 2258 1738 Calendar

189 1770 430 1809 Willelmus
456 1784 526 1808 rex
559 1771 712 1820 Anglie
741 1770 795 1808 H.
826 1770 1008 1819 dapifero
1045 1770 1231 1808 salutem.
1306 1771 1384 1808 Fac
1420 1773 1468 1809 ut
1495 1771 1619 1808 abbas
1648 1771 1785 1809 Sancti
1821 1771 2044 1821 Augustini
2076 1751 2140 1786 No·
2162 1751 2238 1785 351·

136 1824 284 1862 habeat
313 1838 457 1863 omnes
486 1825 664 1863 decimas
692 1837 794 1873 quas
821 1824 996 1862 Sanctus
1024 1824 1286 1874 Augustinus
1315 1824 1490 1862 habebat
1518 1837 1564 1862 ea
1591 1825 1655 1862 die
1684 1838 1762 1873 qua
1789 1827 1904 1874 pater
1929 1838 2044 1862 meus

137 1878 218 1916 fuit
247 1878 370 1916 viuus
398 1881 440 1916 et
468 1880 669 1925 mortuus,
700 1879 940 1927 cuicumque
969 1891 1042 1927 ego
1070 1880 1208 1927 postea
1246 1877 1428 1916 dederim
1460 1879 1587 1916 terras
1619 1878 1669 1916 de
1705 1878 1854 1927 quibus
1891 1878 2046 1916 decime

137 1934 288 1970 exeunt
306 1947 315 1980 3
345 1934 386 1970 et
410 1932 602 1982 quicquid
632 1932 711 1970 sibi
736 1932 919 1970 ablatum
943 1934 1004 1969 est
1024 1932 1085 1969 fac
1105 1931 1185 1969 sibi
1204 1931 1320 1969 reddi
1339 1944 1433 1969 cum
1452 1931 1625 1977 iusticia,
1647 1934 1688 1969 et
1707 1933 1756 1969 de
1775 1933 1881 1969 terra
1901 1931 1948 1969 de
1968 1945 2046 1980 qua

135 1986 417 2024 Anschitillus
443 1985 668 2024 dissaisiuit
690 1998 796 2033 eum,
822 1988 1043 2035 postquam
1068 1984 1154 2034 ipse
1178 1985 1329 2034 recepit
1356 1985 1577 2032 abbaciam,
1610 1986 1669 2022 fac
1696 1998 1790 2023 eum
1811 1985 1987 2023 resaisiri
2006 1988 2047 2023 et

136 2040 264 2078 michi
285 2042 323 2079 et
344 2040 423 2078 sibi
442 2040 505 2078 fac
524 2039 620 2078 inde
638 2038 844 2077 iusticiam
864 2039 900 2077 si
920 2039 1071 2076 iniuria
1089 2039 1195 2077 facta
1213 2041 1285 2077 est.
1344 2036 1500 2090 T[este]
1521 2039 1566 2076 R.
1592 2036 1890 2090 Canc[ellario].

187 2109 399 2155 [Cartulary
418 2109 460 2145 of
475 2109 527 2144 St.
544 2108 768 2154 Augusffine,
783 2107 910 2143 PRO.
938 2107 1052 2142 Exch.
1072 2106 1206 2153 (KR),
1223 2107 1325 2142 Misc.
1343 2107 1410 2142 Bk.
1428 2105 1578 2149 XXVII,
1597 2108 1642 2142 fo.
1666 2107 1757 2152 152]

1024 2193 1171 2233 LVIII

343 2267 543 2304 William
572 2267 620 2302 II
648 2267 696 2302 in
724 2267 881 2303 favour
910 2268 958 2302 of
982 2266 1287 2310 Bermondsey
1315 2265 1478 2310 Priory
1496 2262 1607 2312 (May
1630 2267 1688 2311 13,
1715 2264 1839 2311 1095).
2081 2251 2260 2333 ἓῖῙθξὲξῑ

194 2337 436 2375 Willelmus
455 2350 527 2375 rex
545 2336 698 2385 Anglie
716 2335 785 2374 W.
809 2336 937 2385 Capro
956 2336 998 2373 et
1016 2334 1210 2373 fidelibus
1228 2334 1313 2372 suis
1333 2332 1500 2371 Francis
1520 2335 1560 2371 et
1579 2333 1727 2381 Anglis
1748 2333 1796 2370 de
1816 2332 2048 2370 Sumerseta
2140 2326 2146 2334 ⁸
2213 2322 2242 2332 ”’

140 2390 331 2429 salutem.
404 2390 554 2429 Sciatis
581 2402 648 2427 me
677 2389 922 2427 concessisse
951 2389 1036 2426 Deo
1074 2390 1114 2426 et
1144 2388 1356 2426 monachis
1385 2387 1434 2425 de
1461 2387 1765 2435 Bermondesey
1794 2387 1893 2423 duas
1930 2385 2046 2423 hidas

137 2447 248 2483 terre
267 2445 315 2483 de
335 2445 511 2483 Estanes
530 2456 631 2493 quas
649 2443 862 2482 Walterus
889 2442 999 2481 filius
1018 2442 1195 2491 Ansgeri
1215 2441 1274 2479 eis
1293 2441 1414 2479 dedit.
1475 2441 1518 2478 T.
1543 2440 1758 2478 Anserello
1781 2439 1829 2476 de
1850 2439 2045 2477 Parentin

137 2501 182 2537 et
201 2499 271 2537 W.
293 2499 465 2537 Peverel
485 2498 635 2536 Doure.
690 2497 815 2546 Apud
835 2496 1100 2535 Windsoram
1121 2496 1164 2533 in
1184 2496 1426 2545 pentecoste.

190 2561 300 2607 [B.M.
321 2562 457 2597 Cotton
475 2560 652 2596 Claudius
669 2560 710 2594 A.
730 2560 833 2603 VlII,
852 2560 900 2594 fo.
922 2560 987 2594 115
1000 2560 1018 2593 b
1035 2557 1299 2603 (transcript).]

1046 2639 1147 2678 LIX

201 2716 397 2753 William
417 2714 455 2764 (Ι
475 2725 526 2751 or
545 2713 611 2763 ΙΙ)
630 2715 679 2750 in
698 2715 858 2751 favour
877 2714 926 2749 of
940 2714 1017 2750 the
1036 2695 1186 2748 Aiobot
1206 2712 1256 2747 of
1270 2712 1394 2755 Bury
1412 2712 1476 2746 St.
1497 2710 1728 2745 Edmunds
1748 2704 1981 2757 (1080—95).
2083 2692 2263 2774 ξῖῗθέἒᾶῑ

195 2785 439 2823 Willelmus
457 2797 529 2822 rex
547 2783 701 2834 Anglie
719 2784 783 2821 T.¹
801 2781 939 2820 abbati
962 2782 1012 2820 de
1038 2781 1177 2829 Burgo
1202 2780 1388 2818 salutem.
1450 2778 1597 2816 Mando
1626 2777 1701 2815 tibi
1730 2778 1769 2814 et
1797 2775 1974 2825 precipio
2005 2778 2049 2812 ut

144 2839 358 2889 permittas
385 2839 577 2877 abbatem
606 2837 748 2877 Sancti
776 2836 986 2875 Edmundi
1014 2834 1301 2873 sufficientiam
1329 2832 1508 2881 accipere
1538 2832 1586 2869 de
1616 2834 1729 2880 petra
1757 2831 1804 2867 ad
1839 2829 2047 2866 ecclesiam

145 2905 263 2932 suam
281 2895 322 2931 et
340 2893 447 2931 sicut
466 2892 582 2930 illam
602 2893 799 2930 hactenus
822 2889 979 2937 habuit,
1000 2891 1039 2927 et
1066 2901 1149 2926 non
1178 2887 1356 2936 amplius
1384 2885 1721 2935 impedimentum
1750 2883 1829 2921 sibi
1856 2883 1977 2920 facias
2006 2882 2049 2919 in

139 2947 394 2986 adducendis
411 2947 540 2996 petris
559 2946 608 2984 ad
629 2958 775 2995 aquam
796 2957 918 2994 quam
938 2945 1056 2980 antea
1073 2941 1212 2980 fecisti.
1269 2941 1312 2978 T.
1335 2940 1521 2989 episcopo
1542 2937 1821 2977 Dunelmensi.

194 3010 303 3056 [B.M.
322 3010 415 3045 Add.
434 3009 510 3045 MS.
531 3009 657 3052 14847,
674 3009 722 3043 fo.
742 3007 786 3043 32
800 3011 840 3041 v0
858 3006 1009 3051 (Album
1028 3005 1240 3050 Registrum
1260 3003 1293 3038 S.
1312 3002 1528 3046 Edmundi).

238 3056 394 3092 Printed
434 3057 474 3091 in
518 3056 700 3100 Battely’s
740 3056 982 3100 Antiqm'tcctes
1022 3054 1056 3088 S.
1098 3053 1285 3086 Edmundi
1322 3052 1436 3095 Bmyi
1474 3049 1606 3093 (1745),
1626 3061 1659 3093 p.
1696 3047 1740 3082 50
1780 3048 1838 3087 (ex
1879 3045 2048 3090 Registro

284 3102 511 3148 Sacristae).]
1014 3146 1024 3164 1
1054 3144 1117 3180 MS
1151 3146 1179 3180 C

1063 3225 1139 3263 LX

236 3301 435 3338 William
464 3302 512 3337 II
541 3301 590 3337 in
619 3302 778 3338 favour
807 3300 856 3335 of
880 3300 1062 3343 Robert,
1093 3297 1258 3341 Bishop
1288 3296 1336 3331 of
1360 3295 1562 3339 Lincoln,
1593 3292 1861 3334 concerning
1890 3291 1966 3326 the

737 3354 1000 3398 wapentake
1030 3352 1079 3387 of
1101 3352 1241 3387 Estou
1268 3344 1475 3398 <1093-5).

200 3422 270 3460 W.
296 3435 366 3461 rex
390 3422 624 3472 Anglorum
654 3423 698 3460 Ο.
724 3420 951 3461 vicecomiti
981 3422 1021 3457 et
1048 3417 1271 3456 baronibus
1300 3414 1482 3454 Lincolie
1512 3413 1772 3461 Francigenis
1800 3413 1841 3449 et
1866 3411 2054 3468 Anglicis

143 3476 334 3516 salutem.
392 3475 538 3515 Sciatis
557 3489 623 3514 me
650 3476 807 3514 dedisse
827 3474 1004 3513 Roberto
1030 3470 1309 3509 Lincolniensi
1337 3469 1522 3518 episcopo
1548 3467 1716 3505 tercium
1747 3466 1960 3503 denarium
1989 3465 2052 3502 del

2088 3275 2270 3310 Calendar

2090 3322 2155 3357 No.
2174 3323 2252 3357 374.
