2423 3749
108 187 190 229 140

116 358 298 394 Calendar

117 405 184 440 No.
205 406 284 441 467.

112 832 295 867 Calendar

115 880 180 914 No.
199 878 277 913 475.

112 1439 177 1475 Cal
186 1440 301 1475 endar

113 1486 179 1522 No.
199 1487 275 1521 394.

120 2123 304 2159 Calendar-

119 2170 185 2206 No.
203 2170 283 2205 408.

117 2706 300 2743 Calendar

117 2755 183 2790 No.
200 2755 277 2790 476.

122 3274 304 3312 Calendar

122 3321 189 3357 No.
207 3325 287 3360 480.

968 176 1281 218 CHARTERS
1323 176 1397 217 OF
1438 176 1701 218 WILLIAM
1741 177 1787 218 II

1252 287 1478 326 LXXXVI

550 362 746 398 William
777 360 825 395 11
855 360 904 394 in
931 361 1090 395 favour
1119 360 1169 394 of
1191 360 1375 404 Robert‚
1407 359 1573 403 Bishop
1603 360 1652 395 of
1676 360 1866 396 Lincoln
1893 361 2177 410 (1093-1100).

463 436 530 474 W.
564 448 633 473 rex
662 434 896 482 Anglorum
930 433 998 471 Os’
1025 433 1257 472 vicecomiti
1286 436 1326 471 et
1355 433 1548 471 fidelibus
1585 433 1671 471 suis
1708 434 1756 472 de
1794 434 2096 483 Lincoliascira,
2128 436 2315 476 salutem.

411 490 556 527 Sciatis
584 488 689 536 quod
720 487 815 525 nolo
844 489 889 525 ut
918 486 1123 524 Robertus
1150 487 1363 536 episcopus
1390 486 1556 536 placitet
1581 487 1629 525 de
1655 487 1849 526 omnibus
1871 489 1990 527 terris
2011 491 2054 527 et
2071 490 2252 528 ecclesiis
2270 491 2320 528 de

410 543 558 591 quibus
587 541 800 590 Remigius
827 541 1039 590 episcopus
1069 541 1235 578 saisitus
1263 541 1353 588 fuit,
1378 540 1443 578 die
1472 554 1551 590 qua
1581 540 1704 579 viuus
1733 544 1773 579 et
1801 544 1991 581 mortuus
2018 543 2108 582 fuit.
2169 544 2214 582 T.
2246 544 2319 582 Ur’

407 596 454 633 de
482 595 615 634 Abet’.

459 663 630 708 [Lincoln
649 662 815 708 Chapter
833 662 997 707 Liblary,
1016 662 1229 707 Registrum
1247 663 1567 708 Antiquissimum,
1587 663 1654 699 No.
1673 663 1752 708 IX]

1244 755 1495 794 LXXXVII

444 827 642 864 Wflliam
671 829 719 863 ΙΙ
748 828 796 863 in
824 828 983 864 favour
1012 829 1061 863 of
1085 829 1295 927 Thorney
1323 829 1498 928 Abllwey),
1528 828 1800 872 coneerning
1828 828 1933 865 tolls
1962 830 2052 865 and
2081 830 2280 866 customs

1240 883 1368 917 1093—
1427 884 1477 918 00
1495 908 1503 917 .

461 943 704 982 WVillelmus
734 958 803 982 rex
830 945 1066 994 Anglorum
1097 944 1290 983 omnibus
1317 945 1626 983 vicecomitibus
1652 944 1739 983 suis
1767 948 1810 983 et
1834 945 2039 984 ministris
2058 946 2187 984 totius
2206 947 2322 995 regni

407 998 560 1047 Anglie
579 999 766 1036 salutem.
827 999 973 1037 Sciatis
992 998 1099 1048 quod
1119 999 1294 1036 concedo
1314 998 1474 1037 abbatie
1495 999 1544 1037 de
1564 999 1716 1036 Thorn’
1737 999 1839 1037 tales
1867 1000 2186 1038 consuetudines
2213 1003 2254 1038 et
2279 1000 2322 1038 in

407 1052 600 1090 theloneo
619 1055 660 1091 et
680 1053 723 1090 in
744 1052 937 1091 omnibus
956 1053 1049 1091 aliis
1068 1053 1191 1091 rebus
1211 1053 1351 1102 quales
1369 1053 1518 1091 melius
1536 1053 1682 1091 habuit
1697 1053 1878 1102 predicta
1895 1053 2059 1092 abbatia
2078 1054 2122 1092 in
2142 1056 2324 1104 tempore

407 1106 534 1155 patris
554 1106 647 1144 mei.
707 1106 855 1144 Videte
885 1119 937 1144 ne
966 1106 1028 1144 illi
1054 1106 1120 1144 vel
1147 1106 1361 1145 monachis
1386 1107 1473 1145 suis
1493 1120 1614 1156 super
1638 1107 1714 1145 hoc
1733 1107 1915 1157 aliquam
1935 1108 2129 1146 iniuriam
2149 1108 2319 1146 faciatis.

405 1160 449 1198 T.
473 1160 542 1198 W.
566 1160 808 1198 cancellario
826 1162 899 1199 etc.

457 1228 666 1274 [Bodleian‚
686 1229 855 1274 Dugdale
884 1229 959 1264 MS.
987 1230 1041 1272 21,
1062 1232 1110 1265 fo.
1141 1230 1207 1264 146
1235 1229 1305 1273 (Ex
1328 1229 1500 1275 Registro
1517 1229 1675 1266 Abbatie
1695 1230 1739 1265 (le
1756 1230 1941 1276 Thorney,
1959 1242 2073 1276 penes
2090 1231 2324 1276 prenobilern

545 1276 740 1322 Mildmay,
761 1276 937 1312 comitem
954 1276 1247 1320 NVestmorlanQ
1265 1276 1398 1322 1640).]

1231 1364 1509 1402 LXXXVIII

560 1435 757 1471 William
787 1436 835 1471 II
866 1436 1135 1480 confirming
1163 1438 1240 1472 the
1269 1446 1344 1473 soc
1374 1436 1424 1472 of
1447 1437 1571 1482 Bury
1600 1437 1664 1472 St.
1693 1437 1928 1474 Edmunds
1958 1436 2162 1484 (1094-7).

459 1509 699 1549 Willelmus
745 1524 816 1548 rex
864 1511 1017 1560 Anglie
1066 1511 1300 1549 vicecomiti
1343 1512 1385 1548 et
1424 1511 1620 1549 omnibus
1668 1510 1858 1550 fidelibus
1907 1511 2093 1550 salutem.
2173 1512 2323 1551 Mando

410 1564 530 1603 vobis
557 1567 597 1602 et
624 1565 800 1615 precipio
829 1567 876 1603 ut
904 1565 1063 1603 faciatis
1098 1565 1246 1603 habere
1283 1564 1438 1603 Abbati
1475 1564 1616 1603 Sancti
1654 1564 1867 1603 Edmundi
1900 1578 1974 1603 sua
2001 1565 2074 1614 viij
2115 1567 2156 1604 et
2195 1567 2325 1605 dimid

408 1618 623 1656 hundreda
659 1633 753 1657 cum
792 1619 986 1658 omnibus
1027 1618 1397 1657 consuetudinibus
1436 1632 1515 1668 que
1551 1619 1603 1657 ad
1641 1632 1710 1657 eos
1751 1619 1971 1668 pertinent,
2009 1619 2114 1658 sicut
2144 1634 2325 1670 unquam

406 1674 581 1712 Sanctus
601 1673 846 1711 Edmundus
864 1675 1049 1723 tempore
1067 1673 1175 1723 regis
1194 1672 1388 1711 Edwardi
1409 1676 1450 1711 et
1467 1673 1597 1722 patris
1620 1673 1703 1711 mei
1723 1676 1763 1711 et
1782 1686 1874 1711 meo
1898 1687 1965 1712 eas
1993 1674 2142 1712 melius
2167 1674 2326 1722 habuit,

408 1729 448 1765 et
475 1727 582 1766 sicut
608 1727 753 1765 breves
780 1728 845 1766 sui
873 1729 914 1766 et
941 1729 1051 1765 carte
1078 1727 1397 1766 dir-acionantur.
1469 1728 1524 1765 Et
1551 1727 1622 1777 qui
1650 1726 1920 1765 rectitudines
1948 1727 2089 1766 Sancti
2117 1728 2329 1767 Edmundi

408 1781 625 1819 retinuerit
647 1781 740 1820 volo
768 1784 809 1820 et
836 1781 1015 1831 precipio
1044 1783 1090 1820 ut
1118 1781 1216 1819 inde
1243 1781 1281 1818 ei
1309 1781 1474 1830 plenam
1502 1781 1709 1820 iusticiam
1737 1781 1905 1830 faciatis,
1930 1782 2026 1830 quia
2046 1782 2141 1821 volo
2167 1784 2215 1821 ut
2234 1795 2328 1821 cum

408 1848 558 1884 magno
596 1835 750 1873 honore
779 1837 820 1873 et
848 1836 951 1874 bene
988 1848 1132 1874 omnes
1169 1835 1438 1874 rectitudines
1471 1848 1567 1874 suas
1594 1835 1753 1875 habeat.
1832 1835 1875 1874 Τ.
1907 1835 1974 1875 W.
2008 1835 2260 1875 Cancellario
2288 1839 2327 1874 et

408 1889 580 1927 Eudone
607 1890 799 1939 dapifero.

462 1958 571 2003 [EM.
590 1958 683 1993 Add.
702 1958 777 1993 MS.
799 1958 923 2000 14847,
942 1958 991 1993 fo.
1010 1959 1054 1993 33
1072 1958 1223 2000 (Album
1240 1957 1453 2003 Registrum
1467 1958 1502 1994 S.
1519 1957 1752 2004 Edmundi).]

1255 2052 1486 2090 LXXXIX

731 2123 931 2160 William
959 2124 1007 2158 II
1037 2124 1085 2159 in
1114 2124 1274 2160 favour
1303 2124 1352 2159 of
1376 2124 1594 2168 Spalding
1623 2124 1784 2169 Priory
1813 2124 2015 2172 (1093-8).

464 2196 706 2236 Willelmus
726 2210 795 2235 rex
821 2197 973 2248 Anglie
1002 2197 1049 2235 R.
1079 2197 1268 2247 episcopo
1293 2199 1335 2235 et
1360 2197 1517 2248 Rogero
1540 2197 1627 2236 filio
1648 2198 1815 2237 Ger-aldi
1834 2199 1874 2236 et
1895 2198 2090 2236 omnibus
2109 2197 2330 2237 baronibus

411 2251 497 2289 suis
516 2252 565 2289 de
585 2250 881 2290 Nicolaieskira
896 2251 1082 2291 salutem.
1143 2251 1250 2290 Volo
1270 2253 1311 2290 et
1330 2252 1510 2301 precipio
1530 2254 1577 2291 ut
1596 2252 1786 2290 homines
1805 2252 1854 2290 de
1877 2252 2014 2302 Spald'
2033 2252 2140 2290 iuste
2159 2252 2331 2291 reddant

410 2305 622 2343 monachis
650 2306 700 2344 de
728 2305 866 2355 Spald'
893 2306 1057 2344 firmam
1086 2318 1205 2343 suam
1234 2308 1274 2344 et
1302 2318 1470 2344 sensum
1498 2306 1579 2356 (sic)
1609 2308 1650 2345 et
1678 2307 1787 2356 quod
1815 2307 1922 2344 iuste
1950 2306 2035 2344 illis
2064 2306 2331 2345 reddiderunt

411 2361 511 2408 tem1
528 2373 594 2397 ore
621 2359 784 2398 Yuonis
812 2359 993 2398 Tailbois
1020 2362 1060 2398 et
1088 2360 1138 2397 ad
1168 2359 1265 2398 illos
1292 2359 1495 2398 terminos
1523 2361 1572 2399 ad
1602 2374 1704 2410 quos
1732 2373 1805 2398 suo
1838 2362 2023 2410 tempore
2052 2360 2329 2408 reddiderunt,

409 2415 449 2450 et
479 2413 574 2451 nolo
603 2415 650 2452 ut
679 2414 891 2452 Osbernus
916 2414 1142 2452 vicecomes
1170 2414 1237 2452 vel
1265 2413 1450 2464 Oolgrim
1479 2415 1528 2452 de
1557 2427 1698 2453 eorum
1721 2415 1843 2453 rebus
1865 2427 1908 2453 se
1933 2415 2186 2454 intromittat
2206 2415 2331 2453 donec

410 2480 482 2516 ego
502 2468 589 2517 ipse
608 2468 705 2506 inde
723 2468 824 2506 alias
843 2468 1105 2518 preceperim.
1166 2468 1210 2506 T.
1235 2469 1308 2506 etc.

462 2537 573 2582 [B.M.
592 2538 686 2572 Add.
701 2537 779 2572 MS.
793 2537 911 2572 3529ss
930 2536 1117 2583 (Register
1133 2537 1175 2573 of
1190 2536 1405 2583 Spalding),
1419 2537 1469 2572 fo.
1487 2537 1560 2583 872]

1337 2637 1411 2675 XC

463 2708 663 2744 William
692 2709 741 2743 ΙΙ
771 2708 819 2744 in
848 2709 1007 2745 favour
1035 2710 1084 2745 of
1119 2710 1330 2753 'I'horney
1358 2709 1533 2754 Abbey‚
1566 2708 1839 2753 concerning
1873 2709 2159 2746 charwalton
2187 2711 2277 2746 and

1088 2764 1330 2808 Twywelle
1359 2761 1644 2810 (1093—1100).

465 2829 709 2869 Willelmus
736 2843 807 2869 rex
835 2831 1071 2880 Anglorum
1097 2831 1316 2869 Willelmo
1342 2831 1390 2869 de
1416 2831 1619 2870 Cahaines
1639 2832 1680 2869 et
1698 2831 1783 2869 Ric’
1810 2830 1996 2881 Engania
2016 2833 2056 2869 et
2075 2831 2121 2868 R.
2148 2831 2331 2870 Trameri

415 2886 454 2922 et
474 2884 522 2922 R.
546 2885 595 2923 de
614 2885 793 2923 Fornell’
813 2885 999 2923 salutem.
1059 2885 1250 2935 Precipio
1278 2885 1396 2923 vobis
1423 2887 1470 2923 ut
1498 2886 1605 2924 iuste
1634 2886 1771 2923 tenere
1799 2885 1955 2923 faciatis
1976 2885 2171 2933 GunterO,
2194 2885 2331 2923 abbati

415 2938 463 2975 de
491 2938 653 2987 Thorn’,
686 2942 838 2977 terram
877 2952 995 2977 suam
1022 2939 1070 2977 de
1099 2939 1361 2978 Cher-walton
1389 2941 1431 2977 et
1459 2939 1509 2977 de
1537 2938 1761 2989 Twywelle
1789 2938 1846 2977 ita
1875 2939 2056 2988 quietam
2084 2941 2126 2977 et
2153 2939 2329 2978 solutam

414 2993 519 3030 sicut
546 3006 635 3031 eam
664 2993 814 3031 melius
840 2993 976 3032 tenuit
1013 2995 1198 3043 tempore
1225 2993 1355 3043 patris
1382 2993 1466 3031 mei
1494 2994 1535 3031 et
1562 3006 1663 3031 meo.
1736 2993 1793 3031 Et
1820 2993 1954 3031 videte
1983 3006 2034 3032 ne
2063 2993 2199 3043 aliqua
2235 2993 2331 3031 inde

414 3045 567 3084 iniuria
587 3047 658 3085 fiat
678 3047 729 3085 ab
748 3047 886 3097 aliquo
906 3047 973 3086 vel
992 3060 1016 3085 a
1035 3047 1268 3085 Bauduino.
1325 3048 1368 3085 T.
1390 3047 1460 3085 W.
1481 3046 1730 3086 Cancellario
1751 3049 1823 3085 etc.

468 3115 675 3160 [Bodleian,
693 3116 916 3152 Dodsworth
933 3116 1179 3162 Transcripts,
1197 3116 1253 3159 21,
1273 3117 1322 3152 fo.
1343 3117 1432 3160 1463
1459 3117 1515 3159 85,
1534 3117 1584 3152 fo.
1603 3116 1643 3150 31
1664 3115 1730 3160 v⁰.]

1331 3217 1430 3256 XCI

594 3288 795 3324 William
824 3289 872 3323 ΙΙ
902 3289 952 3325 in
980 3289 1140 3326 favour
1167 3289 1217 3325 of
1242 3290 1301 3325 St.
1334 3290 1555 3326 cuthbert
1584 3290 1632 3325 of
1657 3290 1858 3326 Durham
1886 3288 2168 3337 (1096-1100).

472 3360 711 3400 Willelmus
739 3376 810 3400 rex
838 3363 990 3412 Anglie
1020 3363 1064 3401 T.
1089 3363 1391 3413 archiepiscopo
1420 3365 1462 3401 et
1485 3363 1538 3401 H.
1561 3363 1795 3402 vicecomiti
1823 3365 1863 3401 et
1892 3363 2085 3402 omnibus
2109 3363 2331 3402 baronibus

420 3416 459 3451 et
487 3415 678 3453 fidelibus
706 3416 791 3454 suis
821 3417 869 3454 de
896 3417 1177 3455 Ewerwicsire
1205 3417 1391 3455 salutem.
1462 3417 1566 3455 Volo
1595 3418 1636 3455 et
1663 3417 1840 3467 precipio
1869 3420 1916 3455 ut
1942 3419 2028 3456 tota
2055 3420 2164 3456 terra
2191 3418 2332 3456 Sancti

419 3466 633 3507 Cuthberti
661 3470 718 3508 ita
738 3470 789 3508 sit
815 3470 942 3509 libera
960 3473 1000 3509 et
1019 3471 1157 3521 quieta
1175 3470 1226 3509 ab
1247 3471 1363 3510 omni
1391 3484 1511 3520 opere
1539 3470 1698 3509 castelli
1717 3473 1757 3509 et
1777 3471 1828 3509 ab
1849 3471 2041 3510 omnibus
2069 3471 2198 3520 geldis
2226 3471 2332 3509 sicut
