2423 3749
867 187 1171 230 APPENDIX

85 300 256 339 domum
289 296 507 336 Guillelmi
540 309 676 336 coram
711 299 830 349 Rege,
876 305 1088 350 praesente
1126 303 1445 354 Archiepiscopo
1485 303 1711 342 Guillelmo
1749 307 1789 342 et
1829 305 1990 344 Abbate

85 352 281 392 Gilberto.
350 350 568 390 Testibus:
625 351 852 402 Episcopis,
899 355 1126 394 Gisleberto
1179 357 1434 406 Lexoviensi,
1492 358 1724 396 Gisleberto
1776 358 1986 406 Ebroensi,

83 404 308 446 Guillelmo
337 404 612 443 Dunelmensi
652 406 700 443 de
730 407 886 456 Anglia
903 422 912 454 ;
953 409 1197 458 Abbatibus,
1232 411 1456 449 Guillelmo
1491 411 1739 460 Fiscanensi‚
1777 413 1991 450 Guntardo

84 458 352 508 Gimegiensi,
373 458 576 497 Anselmo
600 458 808 507 Beccensi,
835 461 1028 500 Gualtero
1054 462 1103 500 (19
1128 463 1268 501 Monte
1299 464 1469 502 Sanctae
1494 465 1724 512 Trinitatis,
1744 466 1922 504 Fulcone
1943 466 1990 503 de

83 513 234 552 Sancto
268 511 394 550 Petro
437 524 561 560 supra
600 512 776 560 Divam;
817 513 986 553 Clericis
1024 529 1128 562 vero,
1164 517 1387 555 Benedicto
1432 518 1764 568 Rothomagensi‚
1807 519 1991 558 Sansone

81 566 305 612 Baiocensi,
324 565 520 604 Gualtero
537 565 625 603 filio
641 566 794 614 Goteri,
815 567 1006 613 Roberto,
1027 570 1238 608 Bernardo
1258 571 1342 608 filio
1359 572 1476 620 Ospa,
1497 572 1722 610 Guillelmo
1742 572 1828 610 filio
1849 573 1988 620 Sueni;

81 619 228 667 Laicis,
259 618 486 658 Guillelmo
517 618 678 657 Comite
714 619 927 668 Ebroensi,
968 621 1147 670 Hugone
1185 624 1235 661 de
1266 625 1416 671 Cestra,
1452 626 1610 673 Rogero
1648 626 1696 664 de
1732 626 1991 664 Bellomonte

80 676 121 713 et
147 673 245 712 filiis
283 672 370 711 eius
402 672 580 711 Roberto
614 672 774 711 Gomite
812 674 860 712 (19
889 675 1062 713 Mellent
1098 679 1138 714 et
1167 677 1360 724 Hem-ico,
1401 678 1652 727 Rugubrano
1690 680 1773 717 filio
1810 680 1989 725 Roberti,

81 727 305 767 Guillelmo
344 725 544 776 Crispino,
585 726 764 765 Roberto
803 727 851 765 de
887 728 1026 766 Veteri
1064 730 1206 777 Ponte,
1248 731 1470 769 Guillelmo
1507 732 1557 769 de
1595 734 1715 780 Toue,
1756 733 1992 772 Normanno

80 781 272 829 Primate,
296 780 422 819 Helto
441 779 529 818 filio
546 780 701 819 Acheri
720 782 763 818 et
782 780 905 819 fratre
925 782 1013 821 eius
1034 783 1264 832 Rodulpho,
1286 785 1444 833 Rogero
1463 785 1597 834 Bigot,
1620 788 1661 823 ct
1680 786 1771 825 aliis
1790 787 1946 825 multis.

129 850 199 897 [De
218 851 256 885 la
273 850 410 894 Roque,
430 851 574 885 Maison
591 849 823 892 d'Harcourt,
842 849 887 884 iv.
911 851 1000 885 1327
1022 857 1083 895 (ex
1101 852 1220 887 veteri
1239 854 1493 897 manuscripto
1512 854 1637 889 Sancti
1656 855 1969 901 Vandrcgisilii).]

979 948 1107 986 XVII

162 1018 361 1056 William
390 1018 413 1053 I
441 1018 491 1053 in
519 1018 679 1054 favour
708 1020 757 1053 of
779 1020 1094 1120 westminster
1121 1022 1294 1121 >Abbey,
1326 1023 1595 1066 concerning
1624 1024 1799 1067 Fen-ing,
1828 1026 1912 1060 etc.

942 1075 1124 1110 1070-82
1144 1103 1151 1110 .

132 1140 201 1179 W.
225 1140 303 1178 Dei
321 1140 451 1189 gratia
469 1153 541 1178 rex
561 1140 712 1189 Anglie
733 1141 956 1190 Sweynoni
975 1142 1208 1181 vicecomiti
1231 1146 1271 1181 et
1298 1143 1489 1182 omnibus
1515 1144 1705 1182 fidelibus
1728 1147 1768 1182 et
1794 1146 1993 1185 ministris

79 1194 165 1234 suis
185 1194 352 1232 Francis
371 1196 411 1232 et
431 1193 583 1242 Anglis
603 1194 652 1232 de
677 1195 848 1232 Estsexa
872 1196 1061 1234 salutem.
1121 1197 1268 1235 Sciatis
1294 1211 1359 1234 me
1387 1199 1631 1236 concessisse
1657 1201 1697 1236 et
1723 1199 1882 1237 dedisse
1908 1200 1992 1237 Deo

78 1251 119 1287 et
132 1249 282 1288 Sancto
293 1248 417 1286 Petro
430 1247 608 1286 Westm’
621 1250 661 1286 et
673 1248 871 1287 fratribus
883 1249 1065 1287 eiusdem
1080 1250 1157 1288 loci
1173 1251 1403 1289 manerium
1418 1252 1523 1299 quod
1539 1252 1732 1301 Feringes
1748 1253 1991 1299 nominatur,

79 1316 174 1341 cum
197 1301 392 1341 omnibus
413 1301 633 1340 territoriis
654 1304 693 1340 et
716 1303 935 1341 bernwicis
961 1306 1002 1342 et
1028 1304 1281 1353 appendiciis
1307 1305 1404 1351 suis,
1430 1307 1470 1343 et
1496 1306 1770 1344 sokemannos
1795 1320 1839 1343 ac
1866 1308 1994 1344 terras

78 1369 236 1404 eorum,
252 1356 322 1406 qui
342 1369 426 1394 non
446 1358 620 1405 possunt
639 1355 725 1394 ullo
745 1357 834 1395 iure
855 1357 904 1395 de
921 1358 1064 1395 eodem
1079 1361 1265 1396 manerio
1282 1359 1473 1406 recedere,
1493 1361 1531 1396 et
1548 1372 1641 1397 cum
1658 1360 1790 1397 tribus
1806 1360 1993 1397 domibus

78 1411 122 1450 in
142 1410 388 1449 Colecestria
407 1423 486 1459 que
506 1410 604 1448 huic
624 1410 846 1449 subiacent.
908 1410 1031 1449 Unde
1050 1412 1147 1450 volo
1170 1414 1209 1450 et
1234 1412 1411 1450 firmiter
1435 1413 1611 1461 precipio
1636 1415 1682 1451 ut
1705 1413 1776 1451 illa
1799 1414 1933 1461 quiete
1952 1416 1994 1451 et

77 1464 244 1514 pacifice
262 1466 302 1502 et
322 1463 546 1502 honorifice
565 1464 717 1513 absque
741 1465 857 1502 omni
883 1464 1118 1514 calumpnia
1143 1467 1185 1504 et
1211 1466 1496 1515 inquietudine
1526 1467 1669 1504 amodo
1699 1469 1875 1514 teneant,
1899 1480 1992 1504 cum

78 1519 176 1558 saka
201 1521 242 1557 et
269 1531 390 1556 socna
415 1519 457 1555 et
487 1517 679 1556 omnibus
708 1518 869 1568 legibus
894 1520 936 1557 et
959 1519 1339 1567 consuetudinibus,
1362 1522 1447 1557 tam
1467 1520 1570 1557 bene
1589 1522 1629 1557 et
1649 1523 1733 1558 tam
1753 1521 1870 1569 plene
1888 1521 1993 1558 sicut

78 1571 288 1610 Haroldus
311 1584 448 1610 comes
470 1571 620 1609 melius
643 1574 684 1610 et
710 1572 880 1610 liberius
908 1574 1097 1611 tenuerat
1127 1574 1193 1611 die
1222 1587 1301 1623 qua
1329 1587 1399 1611 rex
1428 1574 1677 1612 Eadwardus
1701 1575 1778 1612 fuit
1803 1575 1924 1612 viuus
1952 1577 1991 1611 et

78 1628 277 1674 mortuus,
308 1628 349 1664 et
376 1626 481 1664 sicut
505 1627 670 1674 egomet
702 1629 843 1676 postea
874 1627 1052 1676 regalius
1083 1628 1256 1677 possedi.
1335 1627 1451 1674 Quod
1484 1640 1557 1676 ego
1590 1628 1760 1665 consilio
1793 1628 1991 1665 baronum

77 1693 263 1719 meorum
283 1679 463 1718 maxime
474 1680 665 1728 concessi,
682 1694 755 1730 pro
769 1681 1040 1719 conuentione
1055 1683 1096 1719 et
1112 1681 1359 1719 cambitione
1375 1694 1498 1730 quam
1513 1682 1588 1719 feci
1602 1695 1674 1730 pro
1689 1681 1989 1726 Windlesoran,

79 1736 125 1774 ut
143 1734 201 1772 sic
221 1733 326 1772 illud
348 1735 515 1772 teneant
534 1733 611 1771 sub
631 1734 773 1772 eadem
793 1734 880 1784 lege
899 1736 940 1772 et
959 1734 1149 1773 libertate
1172 1748 1252 1785 qua
1278 1736 1397 1773 antea
1423 1735 1530 1773 dono
1553 1737 1593 1773 et
1612 1735 1869 1773 concessione
1889 1735 1994 1772 bone

78 1787 278 1827 memorie
315 1787 422 1836 regis
460 1787 677 1826 Eadwardi
710 1787 997 1826 Windlesores
1034 1790 1265 1827 tenuerant.
1339 1789 1382 1826 T.
1421 1789 1648 1827 Lanfranco
1681 1789 1990 1837 archiepiscopo,

80 1842 222 1881 Odone
244 1841 392 1890 Baioc’,
416 1841 609 1880 Gosfrido
630 1842 831 1891 episcopo,
854 1843 1063 1882 Rodberto
1083 1843 1243 1889 comite,
1270 1842 1444 1892 Rogerio
1464 1842 1610 1881 comite
1629 1844 1667 1880 et
1689 1842 1832 1880 multis
1851 1842 1952 1879 aliis.

125 1910 407 1957 [Westminster
423 1909 563 1955 Abbey,
585 1913 594 1928 ‘
606 1910 817 1957 Domesday
830 1912 852 1953 ⁷,
871 1912 920 1947 fo.
938 1911 1035 1957 244]

963 2009 1116 2049 XVIII

122 2082 325 2120 William
353 2082 376 2117 1
404 2082 454 2117 in
485 2082 646 2118 favour
677 2083 725 2117 of
748 2083 1064 2119 westminster
1091 2085 1265 2128 Abbey‚
1291 2083 1559 2126 concerning
1588 2083 1664 2119 the
1694 2091 1869 2117 mauors
1898 2082 1947 2116 of

437 2135 684 2180 Battersea,
715 2137 1044 2181 Wandsworth‚
1073 2138 1164 2174 and.
1192 2137 1390 2173 Piriford
1416 2135 1646 2184 (1070-82).

130 2203 377 2243 Willelmus
397 2215 468 2241 rex
487 2203 725 2252 Anglorum
743 2204 814 2241 W.
834 2204 1021 2254 episcopo
1044 2207 1085 2242 et
1105 2205 1149 2242 O.
1176 2204 1407 2243 vicecomiti
1434 2206 1475 2242 et
1505 2204 1697 2242 omnibus
1726 2202 1930 2240 ministris
1955 2205 1996 2240 et

81 2258 275 2298 fidelibus
303 2257 390 2296 suis
419 2257 585 2295 Francis
613 2259 653 2295 et
679 2258 830 2306 Anglis
859 2258 908 2296 de
938 2258 1265 2305 Suthereiescire,
1294 2259 1482 2297 salutem.
1539 2257 1685 2295 Sciatis
1713 2256 1808 2305 quia
1833 2256 1927 2294 volo
1955 2258 1995 2293 et

78 2312 254 2352 firmiter
275 2311 456 2362 precipio
480 2312 526 2348 ut
551 2311 728 2349 Sanctus
755 2312 907 2350 Petrus
931 2311 1293 2350 Westmonasterii
1323 2314 1363 2349 et
1392 2311 1582 2349 monachi
1612 2311 1786 2348 habeant
1814 2309 1996 2347 maneria

78 2366 323 2405 Batriceseie
343 2368 384 2404 et
398 2364 733 2403 Wendleswrthe
753 2367 792 2404 et
812 2366 1015 2404 Piriforde
1035 2379 1128 2404 cum
1148 2366 1341 2403 omnibus
1362 2365 1611 2414 appendiciis
1630 2365 1714 2402 suis
1733 2366 1772 2401 et
1792 2377 1884 2401 cum
1903 2376 1994 2401 saca

79 2423 119 2460 et
138 2433 270 2469 socna,
293 2432 388 2458 cum
407 2419 484 2457 toll
504 2420 544 2456 91
562 2421 673 2457 team
693 2421 734 2457 et
755 2419 924 2468 latrone,
952 2422 993 2458 et
1019 2433 1112 2458 cum
1143 2419 1337 2458 omnibus
1362 2420 1484 2456 rebus
1510 2420 1551 2456 et
1574 2417 1935 2456 consuetudinibus
1954 2418 1994 2453 et

76 2475 249 2525 legibus,
281 2473 386 2513 sicut
425 2472 637 2511 Haroldus
673 2486 809 2512 comes
846 2474 997 2513 melius
1034 2476 1075 2511 et
1112 2473 1277 2523 plenius
1297 2476 1337 2511 et
1373 2473 1542 2511 liberius
1578 2472 1777 2509 habuerat
1814 2470 1879 2508 die
1915 2483 1996 2519 qua

75 2528 330 2568 Eadwardus
358 2540 429 2565 rex
457 2527 539 2565 fuit
560 2527 684 2565 viuus
711 2529 752 2566 et
780 2530 978 2566 mortuus.
1039 2527 1094 2566 Et
1118 2527 1215 2565 nolo
1241 2528 1288 2565 ut
1311 2526 1459 2576 aliquis
1484 2527 1533 2563 de
1559 2525 1645 2563 illis
1665 2524 1819 2574 aliquid
1841 2524 1997 2561 auferat

76 2584 148 2622 aut
167 2582 374 2621 diminuat
390 2595 400 2629 ;
429 2594 503 2619 nec
522 2580 634 2620 ullus
654 2581 838 2631 aliquam
859 2582 1031 2620 omnino
1049 2581 1198 2620 habeat
1217 2581 1571 2619 intromissionem
1593 2579 1728 2628 aliquo
1748 2582 1930 2626 tempore
1951 2577 1994 2614 in

75 2638 185 2675 terra
204 2636 292 2675 siue
312 2636 357 2674 in
374 2648 480 2685 aqua
500 2634 582 2673 nisi
601 2635 727 2674 abbas
749 2638 791 2674 91
813 2635 1008 2674 monachi
1034 2635 1085 2674 ad
1110 2635 1335 2673 utilitatem
1360 2633 1608 2672 monasterii.
1667 2632 1859 2670 Testibus
1877 2631 1995 2668 Lanf’

76 2690 379 2741 archiepiscopo
407 2691 449 2728 91
477 2688 622 2727 Ο(1009
651 2689 789 2727 Baioc'
816 2689 1009 2739 episcopo
1037 2691 1078 2728 et
1105 2689 1252 2728 Gosfr’.
1285 2688 1509 2727 Constant’.
1538 2688 1724 2736 episcopo
1753 2688 1793 2722 et
1823 2685 1993 2722 Ricardo

77 2744 225 2784 comite
245 2743 303 2782 fil’
323 2742 437 2782 Gisl'.
461 2744 503 2781 et
521 2743 696 2793 Rogerio
718 2743 831 2781 Gom’
851 2744 901 2782 (19
920 2743 987 2782 Μ’.

123 2811 404 2858 [westminster
419 2811 557 2856 Abbey,
579 2812 807 2858 ‘Domesday
820 2814 839 2856 '‚
857 2812 905 2848 fo.
926 2812 1020 2856 168]

987 2904 1095 2943 XIX

151 2973 445 3027 (Pretended)
474 2979 661 3015 Chal-ter
689 2979 738 3013 of
755 2977 952 3012 William
981 2977 1004 3011 Ι
1034 2979 1082 3012 to
1109 2975 1425 3012 westminster
1453 2974 1625 3016 Abbey‚
1655 2971 1921 3012 concerning

436 3032 683 3076 Battersea,
714 3031 1044 3075 Wandsworth‚
1076 3031 1164 3065 and
1193 3029 1389 3065 Piriford
1418 3025 1642 3075 (1070-82).

130 3098 376 3138 Willelmus
395 3113 466 3138 rex
485 3100 722 3150 Anglorum
741 3099 943 3149 episcopis
965 3098 1179 3137 abbatibus
1204 3097 1424 3136 comitibus
1448 3094 1666 3133 baronibus
1683 3091 1991 3131 vicecomitibus

76 3165 123 3191 ac
145 3153 340 3192 omnibus
359 3153 549 3192 fidelibus
568 3157 609 3192 et
628 3153 832 3191 ministris
851 3153 937 3191 suis
957 3153 1001 3190 in
1025 3151 1238 3190 Suthereia
1263 3151 1450 3189 salutem.
1506 3148 1652 3186 Sciatis
1675 3159 1742 3184 me
1768 3145 1926 3183 dedisse
1951 3147 1992 3182 et

77 3206 326 3245 concessisse
357 3207 507 3246 Sancto
536 3208 662 3246 Petro
691 3205 1055 3245 Westmonasterii
1088 3207 1130 3243 et
1166 3204 1361 3243 fratribus
1397 3202 1577 3240 eiusdem
1614 3200 1695 3238 loci
1731 3199 1782 3237 ad
1814 3198 1990 3237 victuale

77 3259 310 3299 subsidium
351 3261 533 3299 maneria
574 3261 845 3299 Batericeseie
888 3262 928 3298 et
964 3258 1301 3297 Wendleswrthe
1338 3259 1378 3295 et
1414 3254 1628 3300 Piriforde,
1661 3267 1755 3291 cum
1797 3252 1990 3312 omnibus

78 3313 297 3353 territoriis
324 3316 366 3352 et
393 3314 609 3353 beruwicis
637 3317 678 3352 et
706 3313 963 3364 appendiciis
991 3313 1078 3351 suis
1105 3314 1146 3350 et
1175 3311 1366 3350 omnibus
1394 3309 1525 3355 rebus,
1557 3307 1711 3346 scilicet
1740 3307 1783 3344 in
1811 3306 1991 3343 ecclesus

78 3366 123 3406 in
141 3368 298 3418 campis
317 3367 363 3406 in
386 3368 506 3407 siluis
527 3368 572 3407 in
597 3368 714 3418 aquis
738 3368 784 3406 in
812 3366 1062 3406 molendinis
1090 3366 1134 3404 in
1163 3365 1291 3415 pratis
1318 3365 1361 3401 in
1389 3362 1538 3412 plateis
1563 3363 1604 3399 et
1628 3363 1741 3398 extra
1762 3359 1929 3409 plateas,
1950 3360 1990 3396 et

5 3423 8 3430 ’
79 3433 175 3460 cum
193 3434 285 3461 saca
304 3424 345 3460 et
368 3435 493 3461 socna
518 3422 559 3461 et
582 3422 660 3460 toll
683 3423 724 3461 et
748 3424 857 3460 team
886 3422 926 3459 et
954 3420 1112 3458 latrone
1136 3422 1176 3458 et
1199 3417 1417 3456 emissione
1442 3418 1483 3454 et
1508 3415 1731 3453 hamsocna
1747 3415 1788 3452 et
1804 3412 1991 3450 foresteal

80 3477 120 3514 et
145 3476 258 3526 pacis
286 3475 466 3515 fractura
494 3478 534 3514 et
562 3474 920 3525 flemenefyrmthe
950 3476 991 3512 et
1021 3486 1115 3512 cum
1146 3472 1339 3510 omnibus
1367 3469 1527 3520 legibus
1556 3472 1595 3507 et
1624 3467 1989 3506 consuetudinibus

2209 211 2283 251 123

2027 1028 2207 1063 (31119οᾱ111-

2028 1074 2094 1109 No.
2118 1074 2191 1109 163.

2029 2079 2209 2115 calendar

2031 2124 2094 2161 No.
2115 2125 2191 2160 162.

2026 2963 2205 2998 calendar

2026 3010 2091 3045 No.
2112 3010 2187 3045 164.
