<?xml version="1.0" encoding="UTF-8"?>
<!DOCTYPE html PUBLIC "-//W3C//DTD XHTML 1.0 Transitional//EN"
    "http://www.w3.org/TR/xhtml1/DTD/xhtml1-transitional.dtd">
<html xmlns="http://www.w3.org/1999/xhtml" xml:lang="en" lang="en">
 <head>
  <title>
</title>
<meta http-equiv="Content-Type" content="text/html;charset=utf-8" />
  <meta name='ocr-system' content='tesseract 3.04.00' />
  <meta name='ocr-capabilities' content='ocr_page ocr_carea ocr_par ocr_line ocrx_word'/>
</head>
<body>
  <div class='ocr_page' id='page_1' title='image "./regestaregumangl01daviuoft_0176.png"; bbox 0 0 2423 3749; ppageno 0'>
   <div class='ocr_carea' id='block_1_1' title="bbox 124 185 206 227">
    <p class='ocr_par' dir='ltr' id='par_1_1' title="bbox 124 185 206 227">
     <span class='ocr_line' id='line_1_1' title="bbox 124 185 206 227; baseline 0.012 -1"><span class='ocrx_word' id='word_1_1' title='bbox 124 185 206 227; x_wconf 90' lang='lat'>126</span> 
     </span>
    </p>
   </div>
   <div class='ocr_carea' id='block_1_2' title="bbox 119 600 305 682">
    <p class='ocr_par' dir='ltr' id='par_1_2' title="bbox 119 600 305 682">
     <span class='ocr_line' id='line_1_2' title="bbox 122 600 305 636; baseline -0.005 0"><span class='ocrx_word' id='word_1_2' title='bbox 122 600 305 636; x_wconf 75' lang='lat' dir='ltr'>calendar</span> 
     </span>
     <span class='ocr_line' id='line_1_3' title="bbox 119 646 285 682; baseline 0 -1"><span class='ocrx_word' id='word_1_3' title='bbox 119 646 187 682; x_wconf 91' lang='lat' dir='ltr'>No.</span> <span class='ocrx_word' id='word_1_4' title='bbox 206 647 285 682; x_wconf 84' lang='lat'>213.</span> 
     </span>
    </p>
   </div>
   <div class='ocr_carea' id='block_1_3' title="bbox 116 1478 301 1561">
    <p class='ocr_par' dir='ltr' id='par_1_3' title="bbox 116 1478 301 1561">
     <span class='ocr_line' id='line_1_4' title="bbox 119 1478 301 1514; baseline -0.005 -1"><span class='ocrx_word' id='word_1_5' title='bbox 119 1478 301 1514; x_wconf 85' lang='lat' dir='ltr'>Calendar</span> 
     </span>
     <span class='ocr_line' id='line_1_5' title="bbox 116 1525 280 1561; baseline -0.018 0"><span class='ocrx_word' id='word_1_6' title='bbox 116 1525 183 1561; x_wconf 88' lang='lat' dir='ltr'>No.</span> <span class='ocrx_word' id='word_1_7' title='bbox 201 1526 280 1560; x_wconf 82' lang='lat'>214.</span> 
     </span>
    </p>
   </div>
   <div class='ocr_carea' id='block_1_4' title="bbox 114 1927 298 2010">
    <p class='ocr_par' dir='ltr' id='par_1_4' title="bbox 114 1927 298 2010">
     <span class='ocr_line' id='line_1_6' title="bbox 114 1927 298 1963; baseline 0 -1"><span class='ocrx_word' id='word_1_8' title='bbox 114 1927 298 1963; x_wconf 86' lang='lat' dir='ltr'>Calendar</span> 
     </span>
     <span class='ocr_line' id='line_1_7' title="bbox 114 1974 279 2010; baseline 0.006 -1"><span class='ocrx_word' id='word_1_9' title='bbox 114 1974 182 2010; x_wconf 93' lang='lat' dir='ltr'>No.</span> <span class='ocrx_word' id='word_1_10' title='bbox 200 1974 279 2010; x_wconf 83' lang='lat'>215.</span> 
     </span>
    </p>
   </div>
   <div class='ocr_carea' id='block_1_5' title="bbox 111 2914 295 2998">
    <p class='ocr_par' dir='ltr' id='par_1_5' title="bbox 111 2914 295 2998">
     <span class='ocr_line' id='line_1_8' title="bbox 111 2914 295 2952; baseline 0.005 -1"><span class='ocrx_word' id='word_1_11' title='bbox 111 2914 295 2952; x_wconf 83' lang='lat' dir='ltr'>Calendar</span> 
     </span>
     <span class='ocr_line' id='line_1_9' title="bbox 113 2961 275 2998; baseline 0.012 -2"><span class='ocrx_word' id='word_1_12' title='bbox 113 2961 179 2998; x_wconf 88' lang='lat' dir='ltr'>No.</span> <span class='ocrx_word' id='word_1_13' title='bbox 196 2963 275 2998; x_wconf 88' lang='lat'>217.</span> 
     </span>
    </p>
   </div>
   <div class='ocr_carea' id='block_1_6' title="bbox 1016 178 1812 220">
    <p class='ocr_par' dir='ltr' id='par_1_6' title="bbox 1016 178 1812 220">
     <span class='ocr_line' id='line_1_10' title="bbox 1016 178 1812 220; baseline 0 0"><span class='ocrx_word' id='word_1_14' title='bbox 1016 178 1331 220; x_wconf 81' lang='lat' dir='ltr'><strong>CHARTERS</strong></span> <span class='ocrx_word' id='word_1_15' title='bbox 1374 178 1450 219; x_wconf 90' lang='lat' dir='ltr'>OF</span> <span class='ocrx_word' id='word_1_16' title='bbox 1490 178 1752 220; x_wconf 91' lang='lat' dir='ltr'>WILLIAM</span> <span class='ocrx_word' id='word_1_17' title='bbox 1790 179 1812 220; x_wconf 95' lang='lat' dir='ltr'>I</span> 
     </span>
    </p>
   </div>
   <div class='ocr_carea' id='block_1_7' title="bbox 420 291 2343 395">
    <p class='ocr_par' dir='ltr' id='par_1_7' title="bbox 420 291 2343 395">
     <span class='ocr_line' id='line_1_11' title="bbox 420 291 2342 346; baseline -0.003 -12"><span class='ocrx_word' id='word_1_18' title='bbox 420 310 549 346; x_wconf 87' lang='lat' dir='ltr'>usque</span> <span class='ocrx_word' id='word_1_19' title='bbox 577 296 627 334; x_wconf 85' lang='lat' dir='ltr'>ad</span> <span class='ocrx_word' id='word_1_20' title='bbox 657 306 806 343; x_wconf 86' lang='lat' dir='ltr'>aquam</span> <span class='ocrx_word' id='word_1_21' title='bbox 835 294 1071 330; x_wconf 87' lang='lat' dir='ltr'>currentem</span> <span class='ocrx_word' id='word_1_22' title='bbox 1101 305 1179 341; x_wconf 92' lang='lat' dir='ltr'>que</span> <span class='ocrx_word' id='word_1_23' title='bbox 1207 291 1337 329; x_wconf 88' lang='lat' dir='ltr'>intrat</span> <span class='ocrx_word' id='word_1_24' title='bbox 1362 292 1406 329; x_wconf 92' lang='lat' dir='ltr'>in</span> <span class='ocrx_word' id='word_1_25' title='bbox 1433 292 1655 339; x_wconf 86' lang='lat' dir='ltr'>civitatem,</span> <span class='ocrx_word' id='word_1_26' title='bbox 1677 292 1728 330; x_wconf 91' lang='lat' dir='ltr'>ad</span> <span class='ocrx_word' id='word_1_27' title='bbox 1749 291 2035 341; x_wconf 88' lang='lat' dir='ltr'>curtellagium</span> <span class='ocrx_word' id='word_1_28' title='bbox 2054 292 2342 331; x_wconf 87' lang='lat' dir='ltr'>canonicorum</span> 
     </span>
     <span class='ocr_line' id='line_1_12' title="bbox 420 345 2343 395; baseline -0.003 -7"><span class='ocrx_word' id='word_1_29' title='bbox 420 350 664 395; x_wconf 86' lang='lat' dir='ltr'>faciendum,</span> <span class='ocrx_word' id='word_1_30' title='bbox 697 347 876 385; x_wconf 85' lang='lat' dir='ltr'>solutam</span> <span class='ocrx_word' id='word_1_31' title='bbox 905 347 947 383; x_wconf 90' lang='lat' dir='ltr'>et</span> <span class='ocrx_word' id='word_1_32' title='bbox 976 345 1159 394; x_wconf 79' lang='lat' dir='ltr'>quietam</span> <span class='ocrx_word' id='word_1_33' title='bbox 1189 345 1296 383; x_wconf 88' lang='lat' dir='ltr'>sicut</span> <span class='ocrx_word' id='word_1_34' title='bbox 1325 345 1559 383; x_wconf 89' lang='lat' dir='ltr'>dominium</span> <span class='ocrx_word' id='word_1_35' title='bbox 1589 346 1831 384; x_wconf 89' lang='lat' dir='ltr'>monasterii</span> <span class='ocrx_word' id='word_1_36' title='bbox 1864 358 1936 395; x_wconf 90' lang='lat' dir='ltr'>pro</span> <span class='ocrx_word' id='word_1_37' title='bbox 1969 345 2185 384; x_wconf 80' lang='lat' dir='ltr'><strong>animabus</strong></span> <span class='ocrx_word' id='word_1_38' title='bbox 2215 345 2343 395; x_wconf 88' lang='lat' dir='ltr'>patris</span> 
     </span>
    </p>
   </div>
   <div class='ocr_carea' id='block_1_8' title="bbox 421 402 1486 560">
    <p class='ocr_par' dir='ltr' id='par_1_8' title="bbox 421 402 1486 560">
     <span class='ocr_line' id='line_1_13' title="bbox 421 402 743 442; baseline -0.016 0"><span class='ocrx_word' id='word_1_39' title='bbox 421 407 461 442; x_wconf 86' lang='lat' dir='ltr'>et</span> <span class='ocrx_word' id='word_1_40' title='bbox 482 402 625 441; x_wconf 88' lang='lat' dir='ltr'>matris</span> <span class='ocrx_word' id='word_1_41' title='bbox 644 414 743 438; x_wconf 85' lang='lat' dir='ltr'>mee.</span> 
     </span>
     <span class='ocr_line' id='line_1_14' title="bbox 468 461 1148 511; baseline -0.004 -11"><span class='ocrx_word' id='word_1_42' title='bbox 468 466 636 511; x_wconf 66' lang='lat' dir='ltr'>[cnm-ter</span> <span class='ocrx_word' id='word_1_43' title='bbox 653 463 746 505; x_wconf 80' lang='lat' dir='ltr'>Ron,</span> <span class='ocrx_word' id='word_1_44' title='bbox 769 463 811 497; x_wconf 86' lang='lat'>17</span> <span class='ocrx_word' id='word_1_45' title='bbox 829 461 897 497; x_wconf 82' lang='lat' dir='ltr'>Ed.</span> <span class='ocrx_word' id='word_1_46' title='bbox 918 461 988 506; x_wconf 87' lang='lat'>111,</span> <span class='ocrx_word' id='word_1_47' title='bbox 1007 474 1054 497; x_wconf 80' lang='lat' dir='ltr'>m.</span> <span class='ocrx_word' id='word_1_48' title='bbox 1075 461 1148 507; x_wconf 86' lang='lat'>19.]</span> 
     </span>
     <span class='ocr_line' id='line_1_15' title="bbox 1289 520 1486 560; baseline 0 -2"><span class='ocrx_word' id='word_1_49' title='bbox 1289 520 1486 560; x_wconf 91' lang='lat' dir='ltr'>XXVIII</span> 
     </span>
    </p>
   </div>
   <div class='ocr_carea' id='block_1_9' title="bbox 436 593 2316 696">
    <p class='ocr_par' dir='ltr' id='par_1_9' title="bbox 436 593 2316 696">
     <span class='ocr_line' id='line_1_16' title="bbox 436 593 2316 638; baseline -0.001 -7"><span class='ocrx_word' id='word_1_50' title='bbox 436 596 634 631; x_wconf 86' lang='lat' dir='ltr'>William</span> <span class='ocrx_word' id='word_1_51' title='bbox 663 594 686 628; x_wconf 94' lang='lat' dir='ltr'>I</span> <span class='ocrx_word' id='word_1_52' title='bbox 714 594 763 629; x_wconf 91' lang='lat' dir='ltr'>in</span> <span class='ocrx_word' id='word_1_53' title='bbox 793 593 955 630; x_wconf 86' lang='lat' dir='ltr'><strong>favour</strong></span> <span class='ocrx_word' id='word_1_54' title='bbox 983 594 1032 629; x_wconf 87' lang='lat' dir='ltr'>of</span> <span class='ocrx_word' id='word_1_55' title='bbox 1055 593 1233 637; x_wconf 80' lang='lat' dir='ltr'>vitalis,</span> <span class='ocrx_word' id='word_1_56' title='bbox 1264 593 1417 629; x_wconf 89' lang='lat' dir='ltr'>Abbot</span> <span class='ocrx_word' id='word_1_57' title='bbox 1447 594 1495 629; x_wconf 85' lang='lat' dir='ltr'>of</span> <span class='ocrx_word' id='word_1_58' title='bbox 1521 594 1851 638; x_wconf 81' lang='lat' dir='ltr'><strong>westminster,</strong></span> <span class='ocrx_word' id='word_1_59' title='bbox 1884 594 2158 636; x_wconf 83' lang='lat' dir='ltr'>concerning</span> <span class='ocrx_word' id='word_1_60' title='bbox 2185 594 2316 630; x_wconf 86' lang='lat' dir='ltr'>lands</span> 
     </span>
     <span class='ocr_line' id='line_1_17' title="bbox 1017 643 1734 696; baseline 0.003 -14"><span class='ocrx_word' id='word_1_61' title='bbox 1017 648 1065 682; x_wconf 89' lang='lat' dir='ltr'>in</span> <span class='ocrx_word' id='word_1_62' title='bbox 1093 647 1468 683; x_wconf 78' lang='lat' dir='ltr'>worcestershire</span> <span class='ocrx_word' id='word_1_63' title='bbox 1496 643 1734 696; x_wconf 83' lang='lat'>(1076-85).</span> 
     </span>
    </p>
   </div>
   <div class='ocr_carea' id='block_1_10' title="bbox 412 714 2341 1295">
    <p class='ocr_par' dir='ltr' id='par_1_10' title="bbox 412 714 2341 1295">
     <span class='ocr_line' id='line_1_18' title="bbox 468 714 2340 764; baseline 0 -11"><span class='ocrx_word' id='word_1_64' title='bbox 468 715 708 754; x_wconf 92' lang='lat' dir='ltr'>Willelmus</span> <span class='ocrx_word' id='word_1_65' title='bbox 729 728 801 752; x_wconf 82' lang='lat' dir='ltr'>rex</span> <span class='ocrx_word' id='word_1_66' title='bbox 821 715 974 764; x_wconf 89' lang='lat' dir='ltr'>Anglie</span> <span class='ocrx_word' id='word_1_67' title='bbox 993 715 1194 764; x_wconf 88' lang='lat' dir='ltr'>episcopis</span> <span class='ocrx_word' id='word_1_68' title='bbox 1212 714 1428 753; x_wconf 88' lang='lat' dir='ltr'>abbatibus</span> <span class='ocrx_word' id='word_1_69' title='bbox 1446 715 1758 754; x_wconf 84' lang='lat' dir='ltr'>vicecomitibus</span> <span class='ocrx_word' id='word_1_70' title='bbox 1781 717 1822 753; x_wconf 92' lang='lat' dir='ltr'>et</span> <span class='ocrx_word' id='word_1_71' title='bbox 1844 716 2038 753; x_wconf 91' lang='lat' dir='ltr'>omnibus</span> <span class='ocrx_word' id='word_1_72' title='bbox 2064 717 2150 753; x_wconf 90' lang='lat' dir='ltr'>tam</span> <span class='ocrx_word' id='word_1_73' title='bbox 2177 716 2340 754; x_wconf 87' lang='lat' dir='ltr'>Franci-</span> 
     </span>
     <span class='ocr_line' id='line_1_19' title="bbox 415 768 2341 819; baseline -0.001 -11"><span class='ocrx_word' id='word_1_74' title='bbox 415 771 530 819; x_wconf 87' lang='lat' dir='ltr'>genis</span> <span class='ocrx_word' id='word_1_75' title='bbox 557 772 598 807; x_wconf 90' lang='lat' dir='ltr'>et</span> <span class='ocrx_word' id='word_1_76' title='bbox 623 769 823 819; x_wconf 85' lang='lat' dir='ltr'>Anglicis,</span> <span class='ocrx_word' id='word_1_77' title='bbox 846 770 1094 818; x_wconf 89' lang='lat' dir='ltr'>ubicumque</span> <span class='ocrx_word' id='word_1_78' title='bbox 1113 768 1267 807; x_wconf 83' lang='lat' dir='ltr'>Vitalis</span> <span class='ocrx_word' id='word_1_79' title='bbox 1290 768 1414 807; x_wconf 84' lang='lat' dir='ltr'>abbas</span> <span class='ocrx_word' id='word_1_80' title='bbox 1441 769 1582 808; x_wconf 78' lang='lat' dir='ltr'>Sancti</span> <span class='ocrx_word' id='word_1_81' title='bbox 1608 770 1724 807; x_wconf 85' lang='lat' dir='ltr'>Petri</span> <span class='ocrx_word' id='word_1_82' title='bbox 1747 769 1796 807; x_wconf 91' lang='lat' dir='ltr'>de</span> <span class='ocrx_word' id='word_1_83' title='bbox 1815 769 2188 808; x_wconf 88' lang='lat' dir='ltr'>Westmonasterio</span> <span class='ocrx_word' id='word_1_84' title='bbox 2216 769 2341 808; x_wconf 89' lang='lat' dir='ltr'>habet</span> 
     </span>
     <span class='ocr_line' id='line_1_20' title="bbox 414 822 2338 872; baseline -0.001 -10"><span class='ocrx_word' id='word_1_85' title='bbox 414 828 555 871; x_wconf 85' lang='lat' dir='ltr'>terras,</span> <span class='ocrx_word' id='word_1_86' title='bbox 580 823 767 862; x_wconf 87' lang='lat' dir='ltr'>salutem.</span> <span class='ocrx_word' id='word_1_87' title='bbox 828 823 975 861; x_wconf 83' lang='lat' dir='ltr'>Sciatis</span> <span class='ocrx_word' id='word_1_88' title='bbox 995 823 1091 872; x_wconf 89' lang='lat' dir='ltr'>quia</span> <span class='ocrx_word' id='word_1_89' title='bbox 1111 836 1184 872; x_wconf 91' lang='lat' dir='ltr'>ego</span> <span class='ocrx_word' id='word_1_90' title='bbox 1204 823 1299 861; x_wconf 89' lang='lat' dir='ltr'>volo</span> <span class='ocrx_word' id='word_1_91' title='bbox 1318 825 1360 861; x_wconf 91' lang='lat' dir='ltr'>et</span> <span class='ocrx_word' id='word_1_92' title='bbox 1383 823 1559 861; x_wconf 89' lang='lat' dir='ltr'>firmiter</span> <span class='ocrx_word' id='word_1_93' title='bbox 1586 823 1762 861; x_wconf 90' lang='lat' dir='ltr'>concedo</span> <span class='ocrx_word' id='word_1_94' title='bbox 1790 825 1836 862; x_wconf 92' lang='lat' dir='ltr'>ut</span> <span class='ocrx_word' id='word_1_95' title='bbox 1866 823 1991 862; x_wconf 90' lang='lat' dir='ltr'>abbas</span> <span class='ocrx_word' id='word_1_96' title='bbox 2013 823 2162 862; x_wconf 86' lang='lat' dir='ltr'>Vitalis</span> <span class='ocrx_word' id='word_1_97' title='bbox 2191 822 2338 862; x_wconf 90' lang='lat' dir='ltr'>habeat</span> 
     </span>
     <span class='ocr_line' id='line_1_21' title="bbox 414 876 2340 927; baseline 0 -11"><span class='ocrx_word' id='word_1_98' title='bbox 414 880 456 916; x_wconf 93' lang='lat' dir='ltr'>in</span> <span class='ocrx_word' id='word_1_99' title='bbox 471 877 824 916; x_wconf 87' lang='lat' dir='ltr'>Wirecestrescire</span> <span class='ocrx_word' id='word_1_100' title='bbox 839 878 976 915; x_wconf 84' lang='lat' dir='ltr'>totum</span> <span class='ocrx_word' id='word_1_101' title='bbox 991 890 1114 915; x_wconf 90' lang='lat' dir='ltr'>suum</span> <span class='ocrx_word' id='word_1_102' title='bbox 1131 877 1376 923; x_wconf 86' lang='lat' dir='ltr'>dominium,</span> <span class='ocrx_word' id='word_1_103' title='bbox 1395 877 1500 915; x_wconf 90' lang='lat' dir='ltr'>sicut</span> <span class='ocrx_word' id='word_1_104' title='bbox 1515 877 1667 927; x_wconf 88' lang='lat' dir='ltr'>poterit</span> <span class='ocrx_word' id='word_1_105' title='bbox 1682 877 1963 916; x_wconf 89' lang='lat' dir='ltr'>demonstrare</span> <span class='ocrx_word' id='word_1_106' title='bbox 1981 877 2089 926; x_wconf 92' lang='lat' dir='ltr'>quod</span> <span class='ocrx_word' id='word_1_107' title='bbox 2105 876 2340 916; x_wconf 76' lang='lat' dir='ltr'>Wlfstanus</span> 
     </span>
     <span class='ocr_line' id='line_1_22' title="bbox 413 930 2339 982; baseline -0.001 -12"><span class='ocrx_word' id='word_1_108' title='bbox 413 933 626 982; x_wconf 89' lang='lat' dir='ltr'>episcopus</span> <span class='ocrx_word' id='word_1_109' title='bbox 644 934 686 969; x_wconf 90' lang='lat' dir='ltr'>et</span> <span class='ocrx_word' id='word_1_110' title='bbox 704 931 830 969; x_wconf 86' lang='lat' dir='ltr'>abbas</span> <span class='ocrx_word' id='word_1_111' title='bbox 850 931 900 969; x_wconf 91' lang='lat' dir='ltr'>de</span> <span class='ocrx_word' id='word_1_112' title='bbox 920 931 1129 969; x_wconf 90' lang='lat' dir='ltr'>Euesham</span> <span class='ocrx_word' id='word_1_113' title='bbox 1148 932 1188 968; x_wconf 86' lang='lat' dir='ltr'>et</span> <span class='ocrx_word' id='word_1_114' title='bbox 1210 930 1463 969; x_wconf 85' lang='lat' dir='ltr'>Rambaldus</span> <span class='ocrx_word' id='word_1_115' title='bbox 1486 931 1755 969; x_wconf 88' lang='lat' dir='ltr'>cancellarius</span> <span class='ocrx_word' id='word_1_116' title='bbox 1781 931 2023 970; x_wconf 90' lang='lat' dir='ltr'>diracionati</span> <span class='ocrx_word' id='word_1_117' title='bbox 2045 933 2145 970; x_wconf 89' lang='lat' dir='ltr'>sunt</span> <span class='ocrx_word' id='word_1_118' title='bbox 2165 930 2215 969; x_wconf 92' lang='lat' dir='ltr'>ad</span> <span class='ocrx_word' id='word_1_119' title='bbox 2236 943 2339 981; x_wconf 91' lang='lat' dir='ltr'>opus</span> 
     </span>
     <span class='ocr_line' id='line_1_23' title="bbox 414 984 2339 1025; baseline -0.001 -1"><span class='ocrx_word' id='word_1_120' title='bbox 414 986 554 1025; x_wconf 85' lang='lat' dir='ltr'>Sancti</span> <span class='ocrx_word' id='word_1_121' title='bbox 574 985 691 1023; x_wconf 88' lang='lat' dir='ltr'>Petri</span> <span class='ocrx_word' id='word_1_122' title='bbox 712 986 761 1023; x_wconf 89' lang='lat' dir='ltr'>de</span> <span class='ocrx_word' id='word_1_123' title='bbox 780 985 1153 1024; x_wconf 89' lang='lat' dir='ltr'>Westmonasterio</span> <span class='ocrx_word' id='word_1_124' title='bbox 1172 987 1219 1023; x_wconf 94' lang='lat' dir='ltr'>ut</span> <span class='ocrx_word' id='word_1_125' title='bbox 1242 985 1347 1023; x_wconf 92' lang='lat' dir='ltr'>illud</span> <span class='ocrx_word' id='word_1_126' title='bbox 1373 985 1544 1023; x_wconf 91' lang='lat' dir='ltr'>haberet</span> <span class='ocrx_word' id='word_1_127' title='bbox 1572 985 1617 1023; x_wconf 89' lang='lat' dir='ltr'>in</span> <span class='ocrx_word' id='word_1_128' title='bbox 1645 985 1843 1023; x_wconf 91' lang='lat' dir='ltr'>dominio.</span> <span class='ocrx_word' id='word_1_129' title='bbox 1899 985 1990 1024; x_wconf 89' lang='lat' dir='ltr'>Hoc</span> <span class='ocrx_word' id='word_1_130' title='bbox 2020 985 2146 1024; x_wconf 88' lang='lat' dir='ltr'>etiam</span> <span class='ocrx_word' id='word_1_131' title='bbox 2168 984 2263 1024; x_wconf 89' lang='lat' dir='ltr'>volo</span> <span class='ocrx_word' id='word_1_132' title='bbox 2291 987 2339 1023; x_wconf 90' lang='lat' dir='ltr'>ut</span> 
     </span>
     <span class='ocr_line' id='line_1_24' title="bbox 413 1038 2339 1089; baseline -0.001 -11"><span class='ocrx_word' id='word_1_133' title='bbox 413 1040 607 1078; x_wconf 88' lang='lat' dir='ltr'>similiter</span> <span class='ocrx_word' id='word_1_134' title='bbox 625 1053 697 1089; x_wconf 89' lang='lat' dir='ltr'>per</span> <span class='ocrx_word' id='word_1_135' title='bbox 716 1040 847 1077; x_wconf 87' lang='lat' dir='ltr'>totam</span> <span class='ocrx_word' id='word_1_136' title='bbox 869 1039 1066 1088; x_wconf 87' lang='lat' dir='ltr'>Angliam</span> <span class='ocrx_word' id='word_1_137' title='bbox 1086 1039 1235 1077; x_wconf 88' lang='lat' dir='ltr'>habeat</span> <span class='ocrx_word' id='word_1_138' title='bbox 1258 1052 1382 1077; x_wconf 91' lang='lat' dir='ltr'>suum</span> <span class='ocrx_word' id='word_1_139' title='bbox 1409 1039 1655 1087; x_wconf 89' lang='lat' dir='ltr'>dominium,</span> <span class='ocrx_word' id='word_1_140' title='bbox 1681 1039 1931 1088; x_wconf 83' lang='lat' dir='ltr'>quicumque</span> <span class='ocrx_word' id='word_1_141' title='bbox 1956 1038 2063 1077; x_wconf 92' lang='lat' dir='ltr'>illud</span> <span class='ocrx_word' id='word_1_142' title='bbox 2089 1039 2140 1077; x_wconf 91' lang='lat' dir='ltr'>ad</span> <span class='ocrx_word' id='word_1_143' title='bbox 2169 1051 2339 1088; x_wconf 81' lang='lat' dir='ltr'>presens</span> 
     </span>
     <span class='ocr_line' id='line_1_25' title="bbox 412 1092 2338 1143; baseline -0.001 -11"><span class='ocrx_word' id='word_1_144' title='bbox 412 1096 539 1141; x_wconf 86' lang='lat' dir='ltr'>tenet,</span> <span class='ocrx_word' id='word_1_145' title='bbox 564 1094 670 1132; x_wconf 88' lang='lat' dir='ltr'>sicut</span> <span class='ocrx_word' id='word_1_146' title='bbox 688 1106 761 1143; x_wconf 88' lang='lat' dir='ltr'>per</span> <span class='ocrx_word' id='word_1_147' title='bbox 779 1092 1000 1131; x_wconf 78' lang='lat' dir='ltr'>comitatus</span> <span class='ocrx_word' id='word_1_148' title='bbox 1020 1095 1061 1131; x_wconf 91' lang='lat' dir='ltr'>et</span> <span class='ocrx_word' id='word_1_149' title='bbox 1081 1106 1153 1142; x_wconf 90' lang='lat' dir='ltr'>per</span> <span class='ocrx_word' id='word_1_150' title='bbox 1174 1093 1440 1131; x_wconf 89' lang='lat' dir='ltr'>hundredum</span> <span class='ocrx_word' id='word_1_151' title='bbox 1465 1093 1749 1132; x_wconf 87' lang='lat' dir='ltr'>demonstrare</span> <span class='ocrx_word' id='word_1_152' title='bbox 1778 1092 1929 1143; x_wconf 89' lang='lat' dir='ltr'>poterit</span> <span class='ocrx_word' id='word_1_153' title='bbox 1958 1093 2065 1142; x_wconf 91' lang='lat' dir='ltr'>quod</span> <span class='ocrx_word' id='word_1_154' title='bbox 2094 1092 2260 1131; x_wconf 87' lang='lat' dir='ltr'>ecclesia</span> <span class='ocrx_word' id='word_1_155' title='bbox 2288 1093 2338 1130; x_wconf 91' lang='lat' dir='ltr'>de</span> 
     </span>
     <span class='ocr_line' id='line_1_26' title="bbox 413 1146 2337 1197; baseline -0.001 -11"><span class='ocrx_word' id='word_1_156' title='bbox 413 1147 787 1186; x_wconf 89' lang='lat' dir='ltr'>Westmonasterio</span> <span class='ocrx_word' id='word_1_157' title='bbox 816 1148 866 1185; x_wconf 91' lang='lat' dir='ltr'>de</span> <span class='ocrx_word' id='word_1_158' title='bbox 894 1147 1002 1185; x_wconf 85' lang='lat' dir='ltr'>dono</span> <span class='ocrx_word' id='word_1_159' title='bbox 1030 1146 1138 1197; x_wconf 86' lang='lat' dir='ltr'>regis</span> <span class='ocrx_word' id='word_1_160' title='bbox 1167 1146 1362 1185; x_wconf 86' lang='lat' dir='ltr'>Edwardi</span> <span class='ocrx_word' id='word_1_161' title='bbox 1390 1149 1432 1185; x_wconf 90' lang='lat' dir='ltr'>et</span> <span class='ocrx_word' id='word_1_162' title='bbox 1461 1147 1512 1186; x_wconf 91' lang='lat' dir='ltr'>de</span> <span class='ocrx_word' id='word_1_163' title='bbox 1539 1160 1632 1185; x_wconf 91' lang='grc'><strong>11100</strong></span> <span class='ocrx_word' id='word_1_164' title='bbox 1662 1147 1771 1186; x_wconf 87' lang='grc'><strong>(10110</strong></span> <span class='ocrx_word' id='word_1_165' title='bbox 1799 1147 1957 1186; x_wconf 87' lang='lat' dir='ltr'>habuit.</span> <span class='ocrx_word' id='word_1_166' title='bbox 2018 1146 2123 1186; x_wconf 91' lang='lat' dir='ltr'>Volo</span> <span class='ocrx_word' id='word_1_167' title='bbox 2143 1146 2271 1185; x_wconf 90' lang='lat' dir='ltr'>etiam</span> <span class='ocrx_word' id='word_1_168' title='bbox 2291 1148 2337 1184; x_wconf 91' lang='lat' dir='ltr'>ut</span> 
     </span>
     <span class='ocr_line' id='line_1_27' title="bbox 413 1200 2336 1250; baseline -0.001 -11"><span class='ocrx_word' id='word_1_169' title='bbox 413 1204 543 1240; x_wconf 87' lang='lat' dir='ltr'>terras</span> <span class='ocrx_word' id='word_1_170' title='bbox 569 1215 664 1240; x_wconf 90' lang='lat' dir='ltr'>suas</span> <span class='ocrx_word' id='word_1_171' title='bbox 692 1203 734 1240; x_wconf 91' lang='lat' dir='ltr'>et</span> <span class='ocrx_word' id='word_1_172' title='bbox 762 1200 889 1239; x_wconf 90' lang='lat' dir='ltr'>siluas</span> <span class='ocrx_word' id='word_1_173' title='bbox 918 1203 959 1239; x_wconf 93' lang='lat' dir='ltr'>et</span> <span class='ocrx_word' id='word_1_174' title='bbox 984 1202 1072 1240; x_wconf 88' lang='lat' dir='ltr'>vias</span> <span class='ocrx_word' id='word_1_175' title='bbox 1101 1202 1142 1238; x_wconf 88' lang='lat' dir='ltr'>et</span> <span class='ocrx_word' id='word_1_176' title='bbox 1169 1213 1295 1250; x_wconf 85' lang='lat' dir='ltr'>aquas</span> <span class='ocrx_word' id='word_1_177' title='bbox 1322 1213 1416 1239; x_wconf 92' lang='lat' dir='ltr'>cum</span> <span class='ocrx_word' id='word_1_178' title='bbox 1442 1201 1598 1240; x_wconf 86' lang='lat' dir='ltr'>honore</span> <span class='ocrx_word' id='word_1_179' title='bbox 1620 1203 1773 1240; x_wconf 89' lang='lat' dir='ltr'>teneat.</span> <span class='ocrx_word' id='word_1_180' title='bbox 1831 1201 1885 1239; x_wconf 90' lang='lat' dir='ltr'>Et</span> <span class='ocrx_word' id='word_1_181' title='bbox 1909 1201 2056 1240; x_wconf 87' lang='lat' dir='ltr'>Franci</span> <span class='ocrx_word' id='word_1_182' title='bbox 2076 1202 2117 1239; x_wconf 89' lang='lat' dir='ltr'>et</span> <span class='ocrx_word' id='word_1_183' title='bbox 2136 1200 2266 1250; x_wconf 83' lang='lat' dir='ltr'>Angli</span> <span class='ocrx_word' id='word_1_184' title='bbox 2287 1200 2336 1239; x_wconf 90' lang='lat' dir='ltr'>de</span> 
     </span>
     <span class='ocr_line' id='line_1_28' title="bbox 412 1255 1251 1295; baseline -0.001 -2"><span class='ocrx_word' id='word_1_185' title='bbox 412 1256 535 1295; x_wconf 87' lang='lat' dir='ltr'>feudo</span> <span class='ocrx_word' id='word_1_186' title='bbox 554 1269 629 1294; x_wconf 90' lang='lat' dir='ltr'>suo</span> <span class='ocrx_word' id='word_1_187' title='bbox 648 1268 742 1294; x_wconf 88' lang='grc'><strong>011111</strong></span> <span class='ocrx_word' id='word_1_188' title='bbox 763 1255 907 1293; x_wconf 83' lang='lat' dir='ltr'>abbate</span> <span class='ocrx_word' id='word_1_189' title='bbox 926 1255 1177 1293; x_wconf 86' lang='lat' dir='ltr'>concordent</span> <span class='ocrx_word' id='word_1_190' title='bbox 1199 1268 1251 1293; x_wconf 90' lang='lat' dir='ltr'>se.</span> 
     </span>
    </p>
   </div>
   <div class='ocr_carea' id='block_1_11' title="bbox 462 1317 1334 1364">
    <p class='ocr_par' dir='ltr' id='par_1_11' title="bbox 462 1317 1334 1364">
     <span class='ocr_line' id='line_1_29' title="bbox 462 1317 1334 1364; baseline 0 -10"><span class='ocrx_word' id='word_1_191' title='bbox 462 1319 740 1364; x_wconf 78' lang='lat' dir='ltr'>[Westminster</span> <span class='ocrx_word' id='word_1_192' title='bbox 756 1318 896 1364; x_wconf 84' lang='lat' dir='ltr'>Abbey,</span> <span class='ocrx_word' id='word_1_193' title='bbox 918 1318 1173 1364; x_wconf 78' lang='lat' dir='ltr'>‘Domesday,&#39;</span> <span class='ocrx_word' id='word_1_194' title='bbox 1192 1318 1241 1353; x_wconf 89' lang='lat' dir='ltr'>fo.</span> <span class='ocrx_word' id='word_1_195' title='bbox 1260 1317 1334 1363; x_wconf 84' lang='lat'>47.]</span> 
     </span>
    </p>
   </div>
   <div class='ocr_carea' id='block_1_12' title="bbox 679 1399 2070 1521">
    <p class='ocr_par' dir='ltr' id='par_1_12' title="bbox 679 1399 2070 1521">
     <span class='ocr_line' id='line_1_30' title="bbox 1304 1399 1455 1438; baseline 0 -1"><span class='ocrx_word' id='word_1_196' title='bbox 1304 1399 1455 1438; x_wconf 92' lang='lat' dir='ltr'>XXIX</span> 
     </span>
     <span class='ocr_line' id='line_1_31' title="bbox 679 1466 2070 1521; baseline 0.001 -14"><span class='ocrx_word' id='word_1_197' title='bbox 679 1471 877 1507; x_wconf 87' lang='lat' dir='ltr'>William</span> <span class='ocrx_word' id='word_1_198' title='bbox 906 1472 929 1507; x_wconf 91' lang='grc' dir='ltr'>Ι</span> <span class='ocrx_word' id='word_1_199' title='bbox 957 1472 1006 1507; x_wconf 84' lang='grc'>111</span> <span class='ocrx_word' id='word_1_200' title='bbox 1033 1472 1193 1508; x_wconf 86' lang='lat' dir='ltr'>favour</span> <span class='ocrx_word' id='word_1_201' title='bbox 1221 1472 1268 1507; x_wconf 86' lang='lat' dir='ltr'>of</span> <span class='ocrx_word' id='word_1_202' title='bbox 1293 1471 1613 1508; x_wconf 84' lang='lat' dir='ltr'>westminster</span> <span class='ocrx_word' id='word_1_203' title='bbox 1640 1472 1803 1516; x_wconf 84' lang='lat' dir='ltr'>Abbey</span> <span class='ocrx_word' id='word_1_204' title='bbox 1830 1466 2070 1521; x_wconf 89' lang='grc'><strong>(1078-85).</strong></span> 
     </span>
    </p>
   </div>
   <div class='ocr_carea' id='block_1_13' title="bbox 411 1539 2339 1752">
    <p class='ocr_par' dir='ltr' id='par_1_13' title="bbox 411 1539 2339 1752">
     <span class='ocr_line' id='line_1_32' title="bbox 462 1539 2339 1590; baseline -0.001 -12"><span class='ocrx_word' id='word_1_205' title='bbox 462 1539 531 1580; x_wconf 94' lang='lat' dir='ltr'>W.</span> <span class='ocrx_word' id='word_1_206' title='bbox 565 1553 637 1578; x_wconf 85' lang='lat' dir='ltr'>rex</span> <span class='ocrx_word' id='word_1_207' title='bbox 664 1540 711 1579; x_wconf 90' lang='lat' dir='ltr'>P.</span> <span class='ocrx_word' id='word_1_208' title='bbox 733 1542 856 1590; x_wconf 88' lang='lat' dir='ltr'>atque</span> <span class='ocrx_word' id='word_1_209' title='bbox 875 1540 924 1580; x_wconf 88' lang='lat' dir='ltr'>R.</span> <span class='ocrx_word' id='word_1_210' title='bbox 946 1542 988 1578; x_wconf 92' lang='lat' dir='ltr'>et</span> <span class='ocrx_word' id='word_1_211' title='bbox 1007 1540 1202 1579; x_wconf 88' lang='lat' dir='ltr'>omnibus</span> <span class='ocrx_word' id='word_1_212' title='bbox 1218 1540 1527 1579; x_wconf 87' lang='lat' dir='ltr'>vicecomitibus</span> <span class='ocrx_word' id='word_1_213' title='bbox 1550 1540 1638 1579; x_wconf 88' lang='lat' dir='ltr'>suis</span> <span class='ocrx_word' id='word_1_214' title='bbox 1663 1540 1853 1579; x_wconf 86' lang='lat' dir='ltr'>salutem.</span> <span class='ocrx_word' id='word_1_215' title='bbox 1912 1539 2062 1578; x_wconf 87' lang='lat' dir='ltr'>Mando</span> <span class='ocrx_word' id='word_1_216' title='bbox 2091 1541 2131 1578; x_wconf 91' lang='lat' dir='ltr'>et</span> <span class='ocrx_word' id='word_1_217' title='bbox 2159 1539 2339 1589; x_wconf 87' lang='lat' dir='ltr'>precipio</span> 
     </span>
     <span class='ocr_line' id='line_1_33' title="bbox 411 1593 2338 1643; baseline -0.001 -10"><span class='ocrx_word' id='word_1_218' title='bbox 411 1597 459 1633; x_wconf 87' lang='lat' dir='ltr'>ut</span> <span class='ocrx_word' id='word_1_219' title='bbox 484 1595 619 1633; x_wconf 91' lang='lat' dir='ltr'>omnis</span> <span class='ocrx_word' id='word_1_220' title='bbox 640 1597 748 1633; x_wconf 89' lang='lat' dir='ltr'>terra</span> <span class='ocrx_word' id='word_1_221' title='bbox 772 1595 913 1633; x_wconf 84' lang='lat' dir='ltr'>Sancti</span> <span class='ocrx_word' id='word_1_222' title='bbox 941 1595 1057 1632; x_wconf 90' lang='lat' dir='ltr'>Petri</span> <span class='ocrx_word' id='word_1_223' title='bbox 1086 1595 1135 1633; x_wconf 91' lang='lat' dir='ltr'>de</span> <span class='ocrx_word' id='word_1_224' title='bbox 1157 1594 1531 1634; x_wconf 86' lang='lat' dir='ltr'>Westmonasterio</span> <span class='ocrx_word' id='word_1_225' title='bbox 1560 1596 1615 1633; x_wconf 86' lang='lat' dir='ltr'>sit</span> <span class='ocrx_word' id='word_1_226' title='bbox 1643 1595 1781 1643; x_wconf 91' lang='lat' dir='ltr'>quieta</span> <span class='ocrx_word' id='word_1_227' title='bbox 1807 1594 1915 1633; x_wconf 89' lang='lat' dir='ltr'>sicut</span> <span class='ocrx_word' id='word_1_228' title='bbox 1942 1594 1987 1632; x_wconf 87' lang='lat' dir='ltr'>in</span> <span class='ocrx_word' id='word_1_229' title='bbox 2016 1596 2200 1643; x_wconf 89' lang='lat' dir='ltr'>tempore</span> <span class='ocrx_word' id='word_1_230' title='bbox 2229 1593 2338 1643; x_wconf 90' lang='lat' dir='ltr'>regis</span> 
     </span>
     <span class='ocr_line' id='line_1_34' title="bbox 412 1646 2335 1699; baseline -0.001 -12"><span class='ocrx_word' id='word_1_231' title='bbox 412 1648 618 1696; x_wconf 88' lang='lat' dir='ltr'>Edwardi‚</span> <span class='ocrx_word' id='word_1_232' title='bbox 650 1651 690 1687; x_wconf 88' lang='lat' dir='ltr'>et</span> <span class='ocrx_word' id='word_1_233' title='bbox 718 1649 762 1686; x_wconf 91' lang='lat' dir='ltr'>in</span> <span class='ocrx_word' id='word_1_234' title='bbox 792 1649 857 1687; x_wconf 91' lang='lat' dir='ltr'>die</span> <span class='ocrx_word' id='word_1_235' title='bbox 886 1662 965 1699; x_wconf 92' lang='lat' dir='ltr'>quo</span> <span class='ocrx_word' id='word_1_236' title='bbox 993 1661 1108 1687; x_wconf 88' lang='lat' dir='ltr'>mare</span> <span class='ocrx_word' id='word_1_237' title='bbox 1134 1649 1411 1696; x_wconf 88' lang='lat' dir='ltr'>transfretaui,</span> <span class='ocrx_word' id='word_1_238' title='bbox 1444 1649 1536 1697; x_wconf 85' lang='lat' dir='ltr'>fuit,</span> <span class='ocrx_word' id='word_1_239' title='bbox 1571 1651 1611 1688; x_wconf 92' lang='lat' dir='ltr'>et</span> <span class='ocrx_word' id='word_1_240' title='bbox 1637 1649 1686 1687; x_wconf 91' lang='lat' dir='ltr'>de</span> <span class='ocrx_word' id='word_1_241' title='bbox 1712 1648 1913 1687; x_wconf 91' lang='lat' dir='ltr'>Anselmo</span> <span class='ocrx_word' id='word_1_242' title='bbox 1938 1648 2104 1698; x_wconf 85' lang='lat' dir='ltr'>plenam</span> <span class='ocrx_word' id='word_1_243' title='bbox 2130 1646 2335 1686; x_wconf 88' lang='lat' dir='ltr'>iusticiam</span> 
     </span>
     <span class='ocr_line' id='line_1_35' title="bbox 412 1702 2137 1752; baseline -0.001 -11"><span class='ocrx_word' id='word_1_244' title='bbox 412 1703 552 1741; x_wconf 86' lang='lat' dir='ltr'>abbati</span> <span class='ocrx_word' id='word_1_245' title='bbox 570 1703 701 1742; x_wconf 88' lang='lat' dir='ltr'>Vitali</span> <span class='ocrx_word' id='word_1_246' title='bbox 719 1703 809 1741; x_wconf 90' lang='lat' dir='ltr'>fieri</span> <span class='ocrx_word' id='word_1_247' title='bbox 827 1703 1018 1752; x_wconf 85' lang='lat' dir='ltr'>precipio,</span> <span class='ocrx_word' id='word_1_248' title='bbox 1043 1703 1102 1741; x_wconf 90' lang='lat' dir='ltr'>sic</span> <span class='ocrx_word' id='word_1_249' title='bbox 1122 1704 1169 1741; x_wconf 91' lang='lat' dir='ltr'>ut</span> <span class='ocrx_word' id='word_1_250' title='bbox 1188 1703 1367 1752; x_wconf 90' lang='lat' dir='ltr'>amplius</span> <span class='ocrx_word' id='word_1_251' title='bbox 1386 1703 1609 1743; x_wconf 90' lang='lat' dir='ltr'>clamorem</span> <span class='ocrx_word' id='word_1_252' title='bbox 1630 1715 1716 1741; x_wconf 91' lang='lat' dir='ltr'>non</span> <span class='ocrx_word' id='word_1_253' title='bbox 1736 1702 1923 1742; x_wconf 88' lang='lat' dir='ltr'>habeam.</span> <span class='ocrx_word' id='word_1_254' title='bbox 1981 1702 2137 1741; x_wconf 83' lang='lat' dir='ltr'>Valete.</span> 
     </span>
    </p>
   </div>
   <div class='ocr_carea' id='block_1_14' title="bbox 461 1766 1329 1812">
    <p class='ocr_par' dir='ltr' id='par_1_14' title="bbox 461 1766 1329 1812">
     <span class='ocr_line' id='line_1_36' title="bbox 461 1766 1329 1812; baseline 0 -10"><span class='ocrx_word' id='word_1_255' title='bbox 461 1766 742 1812; x_wconf 84' lang='lat' dir='ltr'>[Westminster</span> <span class='ocrx_word' id='word_1_256' title='bbox 758 1767 897 1812; x_wconf 85' lang='lat' dir='ltr'>Abbey,</span> <span class='ocrx_word' id='word_1_257' title='bbox 919 1767 1174 1811; x_wconf 82' lang='lat' dir='ltr'>‘Domesday‚&#39;</span> <span class='ocrx_word' id='word_1_258' title='bbox 1189 1767 1236 1802; x_wconf 87' lang='lat' dir='ltr'>so.</span> <span class='ocrx_word' id='word_1_259' title='bbox 1256 1766 1329 1811; x_wconf 85' lang='lat'>47.]</span> 
     </span>
    </p>
   </div>
   <div class='ocr_carea' id='block_1_15' title="bbox 1314 1847 1440 1886">
    <p class='ocr_par' dir='ltr' id='par_1_15' title="bbox 1314 1847 1440 1886">
     <span class='ocr_line' id='line_1_37' title="bbox 1314 1847 1440 1886; baseline 0.008 -1"><span class='ocrx_word' id='word_1_260' title='bbox 1314 1847 1440 1886; x_wconf 93' lang='lat' dir='ltr'>XXX</span> 
     </span>
    </p>
   </div>
   <div class='ocr_carea' id='block_1_16' title="bbox 406 1916 2336 2742">
    <p class='ocr_par' dir='ltr' id='par_1_16' title="bbox 412 1916 2322 1968">
     <span class='ocr_line' id='line_1_38' title="bbox 412 1916 2322 1968; baseline -0.002 -10"><span class='ocrx_word' id='word_1_261' title='bbox 412 1922 612 1958; x_wconf 88' lang='lat' dir='ltr'>william</span> <span class='ocrx_word' id='word_1_262' title='bbox 641 1922 664 1956; x_wconf 93' lang='lat' dir='ltr'>I</span> <span class='ocrx_word' id='word_1_263' title='bbox 693 1924 741 1957; x_wconf 92' lang='lat' dir='ltr'>to</span> <span class='ocrx_word' id='word_1_264' title='bbox 769 1921 1088 1957; x_wconf 88' lang='lat' dir='ltr'>westminster</span> <span class='ocrx_word' id='word_1_265' title='bbox 1116 1921 1290 1965; x_wconf 86' lang='lat' dir='ltr'>Abbey‚</span> <span class='ocrx_word' id='word_1_266' title='bbox 1322 1921 1597 1965; x_wconf 85' lang='lat' dir='ltr'>concerning</span> <span class='ocrx_word' id='word_1_267' title='bbox 1624 1921 1753 1957; x_wconf 84' lang='lat' dir='ltr'>lands</span> <span class='ocrx_word' id='word_1_268' title='bbox 1780 1920 1828 1955; x_wconf 91' lang='lat' dir='ltr'>in</span> <span class='ocrx_word' id='word_1_269' title='bbox 1857 1920 2045 1956; x_wconf 86' lang='lat' dir='ltr'>London</span> <span class='ocrx_word' id='word_1_270' title='bbox 2076 1916 2322 1968; x_wconf 85' lang='lat' dir='ltr'>(spurious)</span> 
     </span>
    </p>

    <p class='ocr_par' dir='ltr' id='par_1_17' title="bbox 406 2040 2336 2742">
     <span class='ocr_line' id='line_1_39' title="bbox 464 2040 2335 2093; baseline -0.002 -11"><span class='ocrx_word' id='word_1_271' title='bbox 464 2043 707 2082; x_wconf 88' lang='lat' dir='ltr'>Willelmus</span> <span class='ocrx_word' id='word_1_272' title='bbox 729 2043 805 2082; x_wconf 91' lang='lat' dir='ltr'>Dei</span> <span class='ocrx_word' id='word_1_273' title='bbox 829 2043 960 2093; x_wconf 88' lang='lat' dir='ltr'>gratia</span> <span class='ocrx_word' id='word_1_274' title='bbox 981 2056 1051 2081; x_wconf 89' lang='lat' dir='ltr'>rex</span> <span class='ocrx_word' id='word_1_275' title='bbox 1071 2043 1225 2093; x_wconf 86' lang='lat' dir='ltr'>Anglie</span> <span class='ocrx_word' id='word_1_276' title='bbox 1249 2042 1450 2093; x_wconf 87' lang='lat' dir='ltr'>episcopis</span> <span class='ocrx_word' id='word_1_277' title='bbox 1477 2042 1702 2081; x_wconf 90' lang='lat' dir='ltr'>baronibus</span> <span class='ocrx_word' id='word_1_278' title='bbox 1727 2041 2041 2080; x_wconf 84' lang='lat' dir='ltr'>vicecomitibus</span> <span class='ocrx_word' id='word_1_279' title='bbox 2070 2043 2110 2079; x_wconf 91' lang='lat' dir='ltr'>et</span> <span class='ocrx_word' id='word_1_280' title='bbox 2139 2040 2335 2079; x_wconf 90' lang='lat' dir='ltr'>omnibus</span> 
     </span>
     <span class='ocr_line' id='line_1_40' title="bbox 410 2095 2335 2146; baseline -0.002 -10"><span class='ocrx_word' id='word_1_281' title='bbox 410 2098 601 2137; x_wconf 87' lang='lat' dir='ltr'>fidelibus</span> <span class='ocrx_word' id='word_1_282' title='bbox 628 2100 668 2136; x_wconf 88' lang='lat' dir='ltr'>et</span> <span class='ocrx_word' id='word_1_283' title='bbox 697 2097 902 2136; x_wconf 88' lang='lat' dir='ltr'>ministris</span> <span class='ocrx_word' id='word_1_284' title='bbox 928 2097 1015 2136; x_wconf 90' lang='lat' dir='ltr'>suis</span> <span class='ocrx_word' id='word_1_285' title='bbox 1043 2099 1084 2135; x_wconf 90' lang='lat' dir='ltr'>et</span> <span class='ocrx_word' id='word_1_286' title='bbox 1111 2097 1387 2146; x_wconf 82' lang='lat' dir='ltr'>burgensibus</span> <span class='ocrx_word' id='word_1_287' title='bbox 1415 2097 1464 2135; x_wconf 89' lang='lat' dir='ltr'>de</span> <span class='ocrx_word' id='word_1_288' title='bbox 1493 2097 1712 2135; x_wconf 87' lang='lat' dir='ltr'>Londonia</span> <span class='ocrx_word' id='word_1_289' title='bbox 1739 2096 1929 2135; x_wconf 89' lang='lat' dir='ltr'>salutem.</span> <span class='ocrx_word' id='word_1_290' title='bbox 1989 2095 2135 2134; x_wconf 86' lang='lat' dir='ltr'>Sciatis</span> <span class='ocrx_word' id='word_1_291' title='bbox 2158 2108 2225 2133; x_wconf 91' lang='grc'><strong>1110</strong></span> <span class='ocrx_word' id='word_1_292' title='bbox 2245 2107 2335 2133; x_wconf 88' lang='grc'><strong>0011-</strong></span> 
     </span>
     <span class='ocr_line' id='line_1_41' title="bbox 411 2148 2336 2200; baseline -0.003 -9"><span class='ocrx_word' id='word_1_293' title='bbox 411 2152 579 2191; x_wconf 88' lang='lat' dir='ltr'>cessisse</span> <span class='ocrx_word' id='word_1_294' title='bbox 608 2152 694 2190; x_wconf 93' lang='lat' dir='ltr'>Deo</span> <span class='ocrx_word' id='word_1_295' title='bbox 724 2154 765 2190; x_wconf 94' lang='lat' dir='ltr'>et</span> <span class='ocrx_word' id='word_1_296' title='bbox 793 2152 943 2190; x_wconf 86' lang='lat' dir='ltr'>Sancto</span> <span class='ocrx_word' id='word_1_297' title='bbox 972 2152 1096 2190; x_wconf 90' lang='lat' dir='ltr'>Petro</span> <span class='ocrx_word' id='word_1_298' title='bbox 1124 2150 1502 2198; x_wconf 85' lang='lat' dir='ltr'>Westmonasterii,</span> <span class='ocrx_word' id='word_1_299' title='bbox 1530 2164 1604 2200; x_wconf 93' lang='lat' dir='ltr'>pro</span> <span class='ocrx_word' id='word_1_300' title='bbox 1633 2151 1766 2189; x_wconf 89' lang='lat' dir='ltr'>salute</span> <span class='ocrx_word' id='word_1_301' title='bbox 1794 2150 1932 2188; x_wconf 89' lang='lat' dir='ltr'>anime</span> <span class='ocrx_word' id='word_1_302' title='bbox 1958 2163 2047 2187; x_wconf 92' lang='lat' dir='ltr'>mee</span> <span class='ocrx_word' id='word_1_303' title='bbox 2073 2151 2114 2187; x_wconf 88' lang='lat' dir='ltr'>et</span> <span class='ocrx_word' id='word_1_304' title='bbox 2141 2148 2336 2187; x_wconf 89' lang='lat' dir='ltr'>Edwardi</span> 
     </span>
     <span class='ocr_line' id='line_1_42' title="bbox 411 2202 2334 2255; baseline -0.002 -11"><span class='ocrx_word' id='word_1_305' title='bbox 411 2207 518 2255; x_wconf 88' lang='lat' dir='ltr'>regis</span> <span class='ocrx_word' id='word_1_306' title='bbox 537 2206 702 2255; x_wconf 85' lang='lat' dir='ltr'>cognati</span> <span class='ocrx_word' id='word_1_307' title='bbox 722 2206 815 2251; x_wconf 89' lang='lat' dir='ltr'>mei,</span> <span class='ocrx_word' id='word_1_308' title='bbox 839 2218 982 2243; x_wconf 90' lang='lat' dir='ltr'>omnes</span> <span class='ocrx_word' id='word_1_309' title='bbox 1001 2207 1131 2244; x_wconf 91' lang='lat' dir='ltr'>terras</span> <span class='ocrx_word' id='word_1_310' title='bbox 1150 2205 1246 2243; x_wconf 88' lang='lat' dir='ltr'>illas</span> <span class='ocrx_word' id='word_1_311' title='bbox 1269 2217 1369 2255; x_wconf 90' lang='lat' dir='ltr'>quas</span> <span class='ocrx_word' id='word_1_312' title='bbox 1389 2205 1433 2243; x_wconf 90' lang='lat' dir='ltr'>in</span> <span class='ocrx_word' id='word_1_313' title='bbox 1453 2204 1672 2243; x_wconf 91' lang='lat' dir='ltr'>Londonia</span> <span class='ocrx_word' id='word_1_314' title='bbox 1690 2204 1899 2254; x_wconf 90' lang='lat' dir='ltr'>predictus</span> <span class='ocrx_word' id='word_1_315' title='bbox 1918 2217 1990 2241; x_wconf 84' lang='lat' dir='ltr'>rex</span> <span class='ocrx_word' id='word_1_316' title='bbox 2011 2202 2146 2241; x_wconf 90' lang='lat' dir='ltr'>eidem</span> <span class='ocrx_word' id='word_1_317' title='bbox 2164 2202 2334 2241; x_wconf 90' lang='lat' dir='ltr'>ecclesie</span> 
     </span>
     <span class='ocr_line' id='line_1_43' title="bbox 411 2256 2331 2309; baseline -0.002 -11"><span class='ocrx_word' id='word_1_318' title='bbox 411 2261 577 2299; x_wconf 85' lang='lat' dir='ltr'>dederat</span> <span class='ocrx_word' id='word_1_319' title='bbox 597 2262 639 2298; x_wconf 92' lang='lat' dir='ltr'>et</span> <span class='ocrx_word' id='word_1_320' title='bbox 662 2273 763 2309; x_wconf 92' lang='lat' dir='ltr'>quas</span> <span class='ocrx_word' id='word_1_321' title='bbox 791 2260 967 2298; x_wconf 83' lang='lat' dir='ltr'>Sanctus</span> <span class='ocrx_word' id='word_1_322' title='bbox 996 2259 1147 2297; x_wconf 89' lang='lat' dir='ltr'>Petrus</span> <span class='ocrx_word' id='word_1_323' title='bbox 1175 2261 1297 2297; x_wconf 86' lang='lat' dir='ltr'>antea</span> <span class='ocrx_word' id='word_1_324' title='bbox 1323 2259 1369 2298; x_wconf 91' lang='lat' dir='ltr'>in</span> <span class='ocrx_word' id='word_1_325' title='bbox 1396 2259 1537 2298; x_wconf 91' lang='lat' dir='ltr'>eadem</span> <span class='ocrx_word' id='word_1_326' title='bbox 1565 2258 1746 2307; x_wconf 87' lang='lat' dir='ltr'>tenebat,</span> <span class='ocrx_word' id='word_1_327' title='bbox 1769 2258 2019 2308; x_wconf 90' lang='lat' dir='ltr'>quicumque</span> <span class='ocrx_word' id='word_1_328' title='bbox 2047 2270 2113 2295; x_wconf 91' lang='lat' dir='ltr'>eas</span> <span class='ocrx_word' id='word_1_329' title='bbox 2140 2256 2331 2295; x_wconf 86' lang='lat' dir='ltr'>dedisset.</span> 
     </span>
     <span class='ocr_line' id='line_1_44' title="bbox 409 2310 2333 2363; baseline -0.002 -11"><span class='ocrx_word' id='word_1_330' title='bbox 409 2314 464 2352; x_wconf 89' lang='lat' dir='ltr'>Et</span> <span class='ocrx_word' id='word_1_331' title='bbox 491 2315 589 2354; x_wconf 92' lang='lat' dir='ltr'>volo</span> <span class='ocrx_word' id='word_1_332' title='bbox 612 2316 653 2352; x_wconf 92' lang='lat' dir='ltr'>et</span> <span class='ocrx_word' id='word_1_333' title='bbox 677 2313 853 2352; x_wconf 90' lang='lat' dir='ltr'>concedo</span> <span class='ocrx_word' id='word_1_334' title='bbox 873 2315 920 2352; x_wconf 91' lang='lat' dir='ltr'>ut</span> <span class='ocrx_word' id='word_1_335' title='bbox 949 2326 1092 2351; x_wconf 91' lang='lat' dir='ltr'>omnes</span> <span class='ocrx_word' id='word_1_336' title='bbox 1120 2313 1232 2363; x_wconf 89' lang='lat' dir='ltr'>leges</span> <span class='ocrx_word' id='word_1_337' title='bbox 1259 2314 1301 2351; x_wconf 91' lang='lat' dir='ltr'>et</span> <span class='ocrx_word' id='word_1_338' title='bbox 1329 2313 1647 2352; x_wconf 89' lang='lat' dir='ltr'>consuetudines</span> <span class='ocrx_word' id='word_1_339' title='bbox 1674 2325 1776 2363; x_wconf 90' lang='lat' dir='ltr'>quas</span> <span class='ocrx_word' id='word_1_340' title='bbox 1803 2312 1890 2362; x_wconf 88' lang='lat' dir='ltr'>ipse</span> <span class='ocrx_word' id='word_1_341' title='bbox 1917 2325 1988 2350; x_wconf 80' lang='lat' dir='ltr'>rex</span> <span class='ocrx_word' id='word_1_342' title='bbox 2013 2311 2264 2350; x_wconf 87' lang='lat' dir='ltr'>concesserat</span> <span class='ocrx_word' id='word_1_343' title='bbox 2288 2310 2333 2349; x_wconf 90' lang='lat' dir='ltr'>in</span> 
     </span>
     <span class='ocr_line' id='line_1_45' title="bbox 407 2365 2335 2418; baseline -0.002 -12"><span class='ocrx_word' id='word_1_344' title='bbox 407 2369 466 2406; x_wconf 92' lang='lat' dir='ltr'>eis</span> <span class='ocrx_word' id='word_1_345' title='bbox 486 2369 624 2418; x_wconf 87' lang='lat' dir='ltr'>quiete</span> <span class='ocrx_word' id='word_1_346' title='bbox 637 2370 678 2406; x_wconf 92' lang='lat' dir='ltr'>et</span> <span class='ocrx_word' id='word_1_347' title='bbox 692 2368 836 2415; x_wconf 90' lang='lat' dir='ltr'>solute,</span> <span class='ocrx_word' id='word_1_348' title='bbox 856 2367 1006 2406; x_wconf 84' lang='lat' dir='ltr'>melius</span> <span class='ocrx_word' id='word_1_349' title='bbox 1026 2368 1152 2406; x_wconf 90' lang='lat' dir='ltr'>etiam</span> <span class='ocrx_word' id='word_1_350' title='bbox 1172 2369 1214 2406; x_wconf 92' lang='lat' dir='ltr'>et</span> <span class='ocrx_word' id='word_1_351' title='bbox 1232 2367 1403 2415; x_wconf 86' lang='lat' dir='ltr'>firmius,</span> <span class='ocrx_word' id='word_1_352' title='bbox 1427 2380 1539 2406; x_wconf 89' lang='lat' dir='ltr'>nunc</span> <span class='ocrx_word' id='word_1_353' title='bbox 1559 2367 1735 2406; x_wconf 85' lang='lat' dir='ltr'>Sanctus</span> <span class='ocrx_word' id='word_1_354' title='bbox 1755 2366 1906 2405; x_wconf 89' lang='lat' dir='ltr'>Petrus</span> <span class='ocrx_word' id='word_1_355' title='bbox 1925 2365 2097 2413; x_wconf 88' lang='lat' dir='ltr'>habeat;</span> <span class='ocrx_word' id='word_1_356' title='bbox 2125 2367 2166 2404; x_wconf 92' lang='lat' dir='ltr'>et</span> <span class='ocrx_word' id='word_1_357' title='bbox 2185 2365 2221 2403; x_wconf 90' lang='lat' dir='ltr'>si</span> <span class='ocrx_word' id='word_1_358' title='bbox 2241 2365 2335 2414; x_wconf 90' lang='lat' dir='ltr'>quis</span> 
     </span>
     <span class='ocr_line' id='line_1_46' title="bbox 407 2418 2329 2471; baseline -0.002 -10"><span class='ocrx_word' id='word_1_359' title='bbox 407 2423 558 2461; x_wconf 85' lang='lat' dir='ltr'>amodo</span> <span class='ocrx_word' id='word_1_360' title='bbox 577 2423 620 2461; x_wconf 92' lang='lat' dir='ltr'>in</span> <span class='ocrx_word' id='word_1_361' title='bbox 635 2422 778 2460; x_wconf 91' lang='lat' dir='ltr'>eodem</span> <span class='ocrx_word' id='word_1_362' title='bbox 793 2422 933 2471; x_wconf 89' lang='lat' dir='ltr'>Burgo</span> <span class='ocrx_word' id='word_1_363' title='bbox 947 2423 1101 2460; x_wconf 88' lang='lat' dir='ltr'>terram</span> <span class='ocrx_word' id='word_1_364' title='bbox 1116 2423 1188 2460; x_wconf 89' lang='lat' dir='ltr'>aut</span> <span class='ocrx_word' id='word_1_365' title='bbox 1203 2421 1416 2460; x_wconf 88' lang='lat' dir='ltr'>ecclesiam</span> <span class='ocrx_word' id='word_1_366' title='bbox 1431 2423 1504 2460; x_wconf 91' lang='lat' dir='ltr'>aut</span> <span class='ocrx_word' id='word_1_367' title='bbox 1522 2421 1695 2460; x_wconf 91' lang='lat' dir='ltr'>domum</span> <span class='ocrx_word' id='word_1_368' title='bbox 1715 2421 1936 2459; x_wconf 90' lang='lat' dir='ltr'>donaverat</span> <span class='ocrx_word' id='word_1_369' title='bbox 1956 2419 2137 2469; x_wconf 87' lang='lat' dir='ltr'>predicte</span> <span class='ocrx_word' id='word_1_370' title='bbox 2150 2418 2329 2467; x_wconf 87' lang='lat' dir='ltr'>ecclesie,</span> 
     </span>
     <span class='ocr_line' id='line_1_47' title="bbox 406 2473 2332 2526; baseline -0.002 -11"><span class='ocrx_word' id='word_1_371' title='bbox 406 2477 561 2516; x_wconf 89' lang='lat' dir='ltr'>mando</span> <span class='ocrx_word' id='word_1_372' title='bbox 588 2478 630 2515; x_wconf 93' lang='lat' dir='ltr'>et</span> <span class='ocrx_word' id='word_1_373' title='bbox 654 2476 831 2514; x_wconf 89' lang='lat' dir='ltr'>firmiter</span> <span class='ocrx_word' id='word_1_374' title='bbox 856 2476 1036 2526; x_wconf 88' lang='lat' dir='ltr'>precipio</span> <span class='ocrx_word' id='word_1_375' title='bbox 1062 2478 1110 2514; x_wconf 91' lang='lat' dir='ltr'>ut</span> <span class='ocrx_word' id='word_1_376' title='bbox 1138 2488 1206 2514; x_wconf 89' lang='lat' dir='ltr'>eas</span> <span class='ocrx_word' id='word_1_377' title='bbox 1234 2476 1389 2514; x_wconf 88' lang='lat' dir='ltr'>solutas</span> <span class='ocrx_word' id='word_1_378' title='bbox 1409 2477 1450 2513; x_wconf 92' lang='lat' dir='ltr'>et</span> <span class='ocrx_word' id='word_1_379' title='bbox 1477 2475 1528 2514; x_wconf 92' lang='lat' dir='ltr'>ab</span> <span class='ocrx_word' id='word_1_380' title='bbox 1557 2475 1672 2513; x_wconf 91' lang='lat' dir='ltr'>omni</span> <span class='ocrx_word' id='word_1_381' title='bbox 1700 2475 1994 2524; x_wconf 89' lang='lat' dir='ltr'>cuiuscumque</span> <span class='ocrx_word' id='word_1_382' title='bbox 2022 2473 2245 2512; x_wconf 87' lang='lat' dir='ltr'>exactionis</span> <span class='ocrx_word' id='word_1_383' title='bbox 2272 2473 2332 2511; x_wconf 92' lang='lat' dir='ltr'>in-</span> 
     </span>
     <span class='ocr_line' id='line_1_48' title="bbox 407 2527 2331 2580; baseline -0.002 -11"><span class='ocrx_word' id='word_1_384' title='bbox 407 2531 647 2579; x_wconf 87' lang='lat' dir='ltr'>quietudine</span> <span class='ocrx_word' id='word_1_385' title='bbox 663 2530 1002 2580; x_wconf 86' lang='lat' dir='ltr'>supranominata</span> <span class='ocrx_word' id='word_1_386' title='bbox 1014 2530 1182 2568; x_wconf 88' lang='lat' dir='ltr'>ecclesia</span> <span class='ocrx_word' id='word_1_387' title='bbox 1197 2529 1346 2568; x_wconf 87' lang='lat' dir='ltr'>liberas</span> <span class='ocrx_word' id='word_1_388' title='bbox 1358 2528 1527 2577; x_wconf 90' lang='lat' dir='ltr'>habeat;</span> <span class='ocrx_word' id='word_1_389' title='bbox 1545 2529 1604 2568; x_wconf 88' lang='lat' dir='ltr'>ita</span> <span class='ocrx_word' id='word_1_390' title='bbox 1618 2531 1665 2568; x_wconf 93' lang='lat' dir='ltr'>ut</span> <span class='ocrx_word' id='word_1_391' title='bbox 1678 2529 1820 2567; x_wconf 91' lang='lat' dir='ltr'>nullus</span> <span class='ocrx_word' id='word_1_392' title='bbox 1830 2528 1963 2567; x_wconf 92' lang='lat' dir='ltr'>ullam</span> <span class='ocrx_word' id='word_1_393' title='bbox 1977 2527 2331 2566; x_wconf 87' lang='lat' dir='ltr'>intromissionem</span> 
     </span>
     <span class='ocr_line' id='line_1_49' title="bbox 406 2581 2325 2634; baseline -0.002 -12"><span class='ocrx_word' id='word_1_394' title='bbox 406 2585 456 2622; x_wconf 91' lang='lat' dir='ltr'>de</span> <span class='ocrx_word' id='word_1_395' title='bbox 476 2585 561 2623; x_wconf 90' lang='lat' dir='ltr'>illis</span> <span class='ocrx_word' id='word_1_396' title='bbox 580 2585 728 2623; x_wconf 89' lang='lat' dir='ltr'>habeat</span> <span class='ocrx_word' id='word_1_397' title='bbox 748 2584 792 2623; x_wconf 93' lang='lat' dir='ltr'>in</span> <span class='ocrx_word' id='word_1_398' title='bbox 810 2587 917 2622; x_wconf 90' lang='lat' dir='ltr'>terra</span> <span class='ocrx_word' id='word_1_399' title='bbox 936 2586 1006 2622; x_wconf 92' lang='lat' dir='ltr'>aut</span> <span class='ocrx_word' id='word_1_400' title='bbox 1025 2584 1071 2622; x_wconf 91' lang='lat' dir='ltr'>in</span> <span class='ocrx_word' id='word_1_401' title='bbox 1090 2597 1195 2634; x_wconf 91' lang='lat' dir='ltr'>aqua</span> <span class='ocrx_word' id='word_1_402' title='bbox 1213 2583 1296 2621; x_wconf 85' lang='lat' dir='ltr'>nisi</span> <span class='ocrx_word' id='word_1_403' title='bbox 1316 2583 1441 2622; x_wconf 83' lang='lat' dir='ltr'>abbas</span> <span class='ocrx_word' id='word_1_404' title='bbox 1455 2585 1496 2622; x_wconf 90' lang='lat' dir='ltr'>et</span> <span class='ocrx_word' id='word_1_405' title='bbox 1512 2583 1706 2622; x_wconf 90' lang='lat' dir='ltr'>monachi</span> <span class='ocrx_word' id='word_1_406' title='bbox 1720 2583 1770 2622; x_wconf 90' lang='lat' dir='ltr'>ad</span> <span class='ocrx_word' id='word_1_407' title='bbox 1785 2595 1909 2621; x_wconf 91' lang='lat' dir='ltr'>usum</span> <span class='ocrx_word' id='word_1_408' title='bbox 1922 2582 2232 2621; x_wconf 88' lang='lat' dir='ltr'>monachorum.</span> <span class='ocrx_word' id='word_1_409' title='bbox 2280 2581 2325 2619; x_wconf 87' lang='grc' dir='ltr'>Τ.</span> 
     </span>
     <span class='ocr_line' id='line_1_50' title="bbox 406 2634 2326 2688; baseline -0.001 -11"><span class='ocrx_word' id='word_1_410' title='bbox 406 2638 610 2677; x_wconf 90' lang='lat' dir='ltr'>Walchel’</span> <span class='ocrx_word' id='word_1_411' title='bbox 629 2638 763 2677; x_wconf 90' lang='lat' dir='ltr'>Wint&#39;</span> <span class='ocrx_word' id='word_1_412' title='bbox 784 2639 982 2688; x_wconf 87' lang='lat' dir='ltr'>episcopo,</span> <span class='ocrx_word' id='word_1_413' title='bbox 1013 2637 1231 2676; x_wconf 90' lang='lat' dir='ltr'>Willelmo</span> <span class='ocrx_word' id='word_1_414' title='bbox 1258 2638 1367 2676; x_wconf 85' lang='lat' dir='ltr'>Dun&#39;</span> <span class='ocrx_word' id='word_1_415' title='bbox 1393 2637 1582 2688; x_wconf 90' lang='lat' dir='ltr'>episcopo</span> <span class='ocrx_word' id='word_1_416' title='bbox 1607 2639 1647 2676; x_wconf 86' lang='lat' dir='ltr'>et</span> <span class='ocrx_word' id='word_1_417' title='bbox 1673 2637 1721 2675; x_wconf 88' lang='lat' dir='ltr'>R.</span> <span class='ocrx_word' id='word_1_418' title='bbox 1749 2636 1899 2675; x_wconf 88' lang='lat' dir='ltr'>comite</span> <span class='ocrx_word' id='word_1_419' title='bbox 1924 2636 1973 2675; x_wconf 88' lang='lat' dir='ltr'>de</span> <span class='ocrx_word' id='word_1_420' title='bbox 2002 2634 2175 2675; x_wconf 89' lang='lat' dir='ltr'>Mellent</span> <span class='ocrx_word' id='word_1_421' title='bbox 2202 2637 2243 2673; x_wconf 90' lang='lat' dir='ltr'>et</span> <span class='ocrx_word' id='word_1_422' title='bbox 2272 2634 2326 2675; x_wconf 87' lang='lat' dir='ltr'>H.</span> 
     </span>
     <span class='ocr_line' id='line_1_51' title="bbox 407 2691 1353 2742; baseline 0 -12"><span class='ocrx_word' id='word_1_423' title='bbox 407 2693 556 2731; x_wconf 87' lang='lat' dir='ltr'>comite</span> <span class='ocrx_word' id='word_1_424' title='bbox 578 2693 719 2732; x_wconf 85' lang='lat' dir='ltr'>Cestr’.</span> <span class='ocrx_word' id='word_1_425' title='bbox 775 2693 900 2742; x_wconf 90' lang='lat' dir='ltr'>Apud</span> <span class='ocrx_word' id='word_1_426' title='bbox 919 2691 1353 2731; x_wconf 88' lang='lat' dir='ltr'>Westmonasterium.</span> 
     </span>
    </p>
   </div>
   <div class='ocr_carea' id='block_1_17' title="bbox 455 2754 1408 2801">
    <p class='ocr_par' dir='ltr' id='par_1_18' title="bbox 455 2754 1408 2801">
     <span class='ocr_line' id='line_1_52' title="bbox 455 2754 1408 2801; baseline -0.002 -10"><span class='ocrx_word' id='word_1_427' title='bbox 455 2756 736 2801; x_wconf 77' lang='lat' dir='ltr'>[Westminster</span> <span class='ocrx_word' id='word_1_428' title='bbox 752 2756 894 2801; x_wconf 83' lang='lat' dir='ltr'>Abbey,</span> <span class='ocrx_word' id='word_1_429' title='bbox 916 2755 1172 2800; x_wconf 84' lang='lat' dir='ltr'>‘Domesday,’</span> <span class='ocrx_word' id='word_1_430' title='bbox 1192 2755 1239 2790; x_wconf 89' lang='lat' dir='ltr'>fo.</span> <span class='ocrx_word' id='word_1_431' title='bbox 1260 2754 1328 2791; x_wconf 93' lang='grc'>100</span> <span class='ocrx_word' id='word_1_432' title='bbox 1341 2754 1408 2800; x_wconf 90' lang='lat' dir='ltr'>v⁰.]</span> 
     </span>
    </p>
   </div>
   <div class='ocr_carea' id='block_1_18' title="bbox 1293 2835 1445 2874">
    <p class='ocr_par' dir='ltr' id='par_1_19' title="bbox 1293 2835 1445 2874">
     <span class='ocr_line' id='line_1_53' title="bbox 1293 2835 1445 2874; baseline 0 0"><span class='ocrx_word' id='word_1_433' title='bbox 1293 2835 1445 2874; x_wconf 92' lang='lat' dir='ltr'>XXXI</span> 
     </span>
    </p>
   </div>
   <div class='ocr_carea' id='block_1_19' title="bbox 505 2904 2227 3010">
    <p class='ocr_par' dir='ltr' id='par_1_20' title="bbox 505 2904 2227 3010">
     <span class='ocr_line' id='line_1_54' title="bbox 505 2904 2227 2957; baseline -0.002 -11"><span class='ocrx_word' id='word_1_434' title='bbox 505 2909 705 2946; x_wconf 88' lang='lat' dir='ltr'>william</span> <span class='ocrx_word' id='word_1_435' title='bbox 734 2909 757 2943; x_wconf 96' lang='lat' dir='ltr'>I</span> <span class='ocrx_word' id='word_1_436' title='bbox 787 2904 1032 2957; x_wconf 86' lang='lat' dir='ltr'>(spurious)</span> <span class='ocrx_word' id='word_1_437' title='bbox 1060 2908 1109 2943; x_wconf 89' lang='lat' dir='ltr'>in</span> <span class='ocrx_word' id='word_1_438' title='bbox 1136 2908 1295 2944; x_wconf 89' lang='lat' dir='ltr'>favour</span> <span class='ocrx_word' id='word_1_439' title='bbox 1325 2909 1374 2944; x_wconf 85' lang='lat' dir='ltr'>of</span> <span class='ocrx_word' id='word_1_440' title='bbox 1397 2907 1717 2944; x_wconf 81' lang='lat' dir='ltr'>westminster</span> <span class='ocrx_word' id='word_1_441' title='bbox 1745 2907 1921 2952; x_wconf 83' lang='lat' dir='ltr'>Abbey,</span> <span class='ocrx_word' id='word_1_442' title='bbox 1953 2906 2227 2950; x_wconf 88' lang='lat' dir='ltr'>concerning</span> 
     </span>
     <span class='ocr_line' id='line_1_55' title="bbox 938 2957 1796 3010; baseline -0.001 -13"><span class='ocrx_word' id='word_1_443' title='bbox 938 2963 1154 2998; x_wconf 85' lang='lat' dir='ltr'>Alwold’s</span> <span class='ocrx_word' id='word_1_444' title='bbox 1174 2962 1266 3007; x_wconf 77' lang='lat' dir='ltr'>gift</span> <span class='ocrx_word' id='word_1_445' title='bbox 1292 2962 1341 2997; x_wconf 90' lang='lat' dir='ltr'>in</span> <span class='ocrx_word' id='word_1_446' title='bbox 1371 2962 1560 2999; x_wconf 87' lang='lat' dir='ltr'>London</span> <span class='ocrx_word' id='word_1_447' title='bbox 1590 2957 1796 3010; x_wconf 83' lang='lat'>(1080-5).</span> 
     </span>
    </p>
   </div>
   <div class='ocr_carea' id='block_1_20' title="bbox 405 3028 2326 3511">
    <p class='ocr_par' dir='ltr' id='par_1_21' title="bbox 405 3028 2326 3511">
     <span class='ocr_line' id='line_1_56' title="bbox 459 3028 2326 3080; baseline -0.001 -10"><span class='ocrx_word' id='word_1_448' title='bbox 459 3030 704 3070; x_wconf 90' lang='lat' dir='ltr'>Willelmus</span> <span class='ocrx_word' id='word_1_449' title='bbox 741 3044 811 3069; x_wconf 86' lang='lat' dir='ltr'>rex</span> <span class='ocrx_word' id='word_1_450' title='bbox 844 3030 998 3080; x_wconf 88' lang='lat' dir='ltr'>Anglie</span> <span class='ocrx_word' id='word_1_451' title='bbox 1029 3029 1344 3069; x_wconf 87' lang='lat' dir='ltr'>vicecomitibus</span> <span class='ocrx_word' id='word_1_452' title='bbox 1379 3031 1420 3068; x_wconf 89' lang='lat' dir='ltr'>et</span> <span class='ocrx_word' id='word_1_453' title='bbox 1455 3029 1661 3068; x_wconf 86' lang='lat' dir='ltr'>ministris</span> <span class='ocrx_word' id='word_1_454' title='bbox 1701 3028 1976 3078; x_wconf 90' lang='lat' dir='ltr'>omnibusque</span> <span class='ocrx_word' id='word_1_455' title='bbox 2013 3028 2100 3067; x_wconf 89' lang='lat' dir='ltr'>suis</span> <span class='ocrx_word' id='word_1_456' title='bbox 2135 3028 2326 3068; x_wconf 88' lang='lat' dir='ltr'>fidelibus</span> 
     </span>
     <span class='ocr_line' id='line_1_57' title="bbox 408 3083 2325 3135; baseline -0.001 -11"><span class='ocrx_word' id='word_1_457' title='bbox 408 3085 575 3124; x_wconf 87' lang='lat' dir='ltr'>Francis</span> <span class='ocrx_word' id='word_1_458' title='bbox 603 3087 645 3123; x_wconf 90' lang='lat' dir='ltr'>et</span> <span class='ocrx_word' id='word_1_459' title='bbox 671 3085 824 3135; x_wconf 88' lang='lat' dir='ltr'>Anglis</span> <span class='ocrx_word' id='word_1_460' title='bbox 851 3084 900 3122; x_wconf 91' lang='lat' dir='ltr'>de</span> <span class='ocrx_word' id='word_1_461' title='bbox 934 3084 1147 3123; x_wconf 89' lang='lat' dir='ltr'>Londonia</span> <span class='ocrx_word' id='word_1_462' title='bbox 1178 3083 1364 3123; x_wconf 90' lang='lat' dir='ltr'>salutem.</span> <span class='ocrx_word' id='word_1_463' title='bbox 1434 3083 1584 3123; x_wconf 82' lang='lat' dir='ltr'>Sciatis</span> <span class='ocrx_word' id='word_1_464' title='bbox 1617 3095 1685 3121; x_wconf 90' lang='lat' dir='ltr'>me</span> <span class='ocrx_word' id='word_1_465' title='bbox 1717 3083 1963 3121; x_wconf 85' lang='lat' dir='ltr'>concessisse</span> <span class='ocrx_word' id='word_1_466' title='bbox 1991 3083 2078 3121; x_wconf 94' lang='lat' dir='ltr'>Deo</span> <span class='ocrx_word' id='word_1_467' title='bbox 2105 3085 2145 3122; x_wconf 91' lang='lat' dir='ltr'>et</span> <span class='ocrx_word' id='word_1_468' title='bbox 2175 3083 2325 3122; x_wconf 83' lang='lat' dir='ltr'>Sancto</span> 
     </span>
     <span class='ocr_line' id='line_1_58' title="bbox 408 3136 2323 3188; baseline -0.001 -12"><span class='ocrx_word' id='word_1_469' title='bbox 408 3139 531 3178; x_wconf 89' lang='lat' dir='ltr'>Petro</span> <span class='ocrx_word' id='word_1_470' title='bbox 558 3138 923 3178; x_wconf 87' lang='lat' dir='ltr'>Westmonasterii</span> <span class='ocrx_word' id='word_1_471' title='bbox 954 3141 996 3176; x_wconf 90' lang='lat' dir='ltr'>et</span> <span class='ocrx_word' id='word_1_472' title='bbox 1023 3137 1154 3176; x_wconf 87' lang='lat' dir='ltr'>Vitali</span> <span class='ocrx_word' id='word_1_473' title='bbox 1187 3137 1327 3176; x_wconf 89' lang='lat' dir='ltr'>abbati</span> <span class='ocrx_word' id='word_1_474' title='bbox 1359 3138 1517 3177; x_wconf 91' lang='lat' dir='ltr'>donum</span> <span class='ocrx_word' id='word_1_475' title='bbox 1550 3136 1657 3188; x_wconf 90' lang='lat' dir='ltr'>quod</span> <span class='ocrx_word' id='word_1_476' title='bbox 1690 3137 1910 3176; x_wconf 89' lang='lat' dir='ltr'>Alwoldus</span> <span class='ocrx_word' id='word_1_477' title='bbox 1942 3137 1992 3175; x_wconf 87' lang='lat' dir='ltr'>de</span> <span class='ocrx_word' id='word_1_478' title='bbox 2028 3139 2146 3186; x_wconf 90' lang='lat' dir='ltr'>porta</span> <span class='ocrx_word' id='word_1_479' title='bbox 2183 3137 2323 3177; x_wconf 87' lang='lat' dir='ltr'>Sancti</span> 
     </span>
     <span class='ocr_line' id='line_1_59' title="bbox 408 3190 2323 3243; baseline -0.001 -12"><span class='ocrx_word' id='word_1_480' title='bbox 408 3193 611 3243; x_wconf 90' lang='lat' dir='ltr'>Botulphi</span> <span class='ocrx_word' id='word_1_481' title='bbox 656 3193 717 3231; x_wconf 90' lang='grc'>015</span> <span class='ocrx_word' id='word_1_482' title='bbox 754 3193 868 3232; x_wconf 88' lang='lat' dir='ltr'>dedit</span> <span class='ocrx_word' id='word_1_483' title='bbox 906 3192 1068 3241; x_wconf 90' lang='lat' dir='ltr'>quando</span> <span class='ocrx_word' id='word_1_484' title='bbox 1104 3191 1332 3230; x_wconf 87' lang='lat' dir='ltr'>monachus</span> <span class='ocrx_word' id='word_1_485' title='bbox 1372 3191 1431 3231; x_wconf 92' lang='lat' dir='ltr'>ibi</span> <span class='ocrx_word' id='word_1_486' title='bbox 1468 3191 1637 3231; x_wconf 88' lang='lat' dir='ltr'>effectus</span> <span class='ocrx_word' id='word_1_487' title='bbox 1674 3190 1782 3238; x_wconf 82' lang='lat' dir='ltr'>fuit3</span> <span class='ocrx_word' id='word_1_488' title='bbox 1829 3190 1872 3229; x_wconf 92' lang='lat' dir='ltr'>id</span> <span class='ocrx_word' id='word_1_489' title='bbox 1911 3193 1972 3229; x_wconf 89' lang='lat' dir='ltr'>est</span> <span class='ocrx_word' id='word_1_490' title='bbox 2010 3191 2169 3230; x_wconf 89' lang='lat' dir='ltr'>curiam</span> <span class='ocrx_word' id='word_1_491' title='bbox 2206 3203 2323 3231; x_wconf 89' lang='lat' dir='ltr'>suam</span> 
     </span>
     <span class='ocr_line' id='line_1_60' title="bbox 408 3244 2318 3296; baseline 0 -13"><span class='ocrx_word' id='word_1_492' title='bbox 408 3247 658 3285; x_wconf 90' lang='lat' dir='ltr'>dominicam</span> <span class='ocrx_word' id='word_1_493' title='bbox 678 3260 774 3285; x_wconf 91' lang='lat' dir='ltr'>cum</span> <span class='ocrx_word' id='word_1_494' title='bbox 792 3246 986 3285; x_wconf 88' lang='lat' dir='ltr'>omnibus</span> <span class='ocrx_word' id='word_1_495' title='bbox 1010 3245 1107 3294; x_wconf 87' lang='lat' dir='ltr'>suis,</span> <span class='ocrx_word' id='word_1_496' title='bbox 1129 3247 1171 3284; x_wconf 90' lang='lat' dir='ltr'>et</span> <span class='ocrx_word' id='word_1_497' title='bbox 1197 3258 1328 3284; x_wconf 91' lang='lat' dir='ltr'>unum</span> <span class='ocrx_word' id='word_1_498' title='bbox 1353 3245 1461 3285; x_wconf 87' lang='lat' dir='ltr'>warf</span> <span class='ocrx_word' id='word_1_499' title='bbox 1483 3245 1593 3296; x_wconf 91' lang='lat' dir='ltr'>quod</span> <span class='ocrx_word' id='word_1_500' title='bbox 1617 3246 1679 3283; x_wconf 90' lang='lat' dir='ltr'>est</span> <span class='ocrx_word' id='word_1_501' title='bbox 1705 3245 1756 3283; x_wconf 89' lang='lat' dir='ltr'>ad</span> <span class='ocrx_word' id='word_1_502' title='bbox 1782 3247 1904 3295; x_wconf 86' lang='lat' dir='ltr'>caput</span> <span class='ocrx_word' id='word_1_503' title='bbox 1928 3244 2069 3294; x_wconf 89' lang='lat' dir='ltr'>pontis</span> <span class='ocrx_word' id='word_1_504' title='bbox 2092 3244 2318 3293; x_wconf 89' lang='lat' dir='ltr'>Londonie,</span> 
     </span>
     <span class='ocr_line' id='line_1_61' title="bbox 407 3298 2323 3349; baseline -0.001 -11"><span class='ocrx_word' id='word_1_505' title='bbox 407 3303 447 3338; x_wconf 90' lang='lat' dir='ltr'>et</span> <span class='ocrx_word' id='word_1_506' title='bbox 480 3301 581 3339; x_wconf 87' lang='lat' dir='ltr'>alias</span> <span class='ocrx_word' id='word_1_507' title='bbox 614 3303 743 3339; x_wconf 84' lang='lat' dir='ltr'>terras</span> <span class='ocrx_word' id='word_1_508' title='bbox 777 3313 870 3339; x_wconf 88' lang='lat' dir='ltr'>suas</span> <span class='ocrx_word' id='word_1_509' title='bbox 903 3313 1004 3349; x_wconf 89' lang='lat' dir='ltr'>quas</span> <span class='ocrx_word' id='word_1_510' title='bbox 1035 3300 1080 3338; x_wconf 89' lang='lat' dir='ltr'>in</span> <span class='ocrx_word' id='word_1_511' title='bbox 1112 3299 1255 3338; x_wconf 90' lang='lat' dir='ltr'>eadem</span> <span class='ocrx_word' id='word_1_512' title='bbox 1286 3298 1387 3338; x_wconf 91' lang='lat' dir='ltr'>urbe</span> <span class='ocrx_word' id='word_1_513' title='bbox 1419 3298 1577 3347; x_wconf 83' lang='lat' dir='ltr'>habuit,</span> <span class='ocrx_word' id='word_1_514' title='bbox 1609 3298 1717 3337; x_wconf 87' lang='lat' dir='ltr'>sicut</span> <span class='ocrx_word' id='word_1_515' title='bbox 1748 3311 1820 3336; x_wconf 83' lang='lat' dir='ltr'>rex</span> <span class='ocrx_word' id='word_1_516' title='bbox 1852 3298 2081 3338; x_wconf 85' lang='lat' dir='ltr'>Edwardus</span> <span class='ocrx_word' id='word_1_517' title='bbox 2112 3299 2262 3338; x_wconf 88' lang='lat' dir='ltr'>melius</span> <span class='ocrx_word' id='word_1_518' title='bbox 2281 3300 2323 3337; x_wconf 91' lang='lat' dir='ltr'>et</span> 
     </span>
     <span class='ocr_line' id='line_1_62' title="bbox 405 3351 2321 3404; baseline -0.001 -12"><span class='ocrx_word' id='word_1_519' title='bbox 405 3354 567 3402; x_wconf 82' lang='lat' dir='ltr'>plenius</span> <span class='ocrx_word' id='word_1_520' title='bbox 585 3357 850 3394; x_wconf 88' lang='lat' dir='ltr'>concesserat.</span> <span class='ocrx_word' id='word_1_521' title='bbox 911 3355 966 3392; x_wconf 89' lang='lat' dir='ltr'>Et</span> <span class='ocrx_word' id='word_1_522' title='bbox 985 3354 1078 3393; x_wconf 91' lang='lat' dir='ltr'>volo</span> <span class='ocrx_word' id='word_1_523' title='bbox 1096 3355 1138 3392; x_wconf 88' lang='lat' dir='ltr'>et</span> <span class='ocrx_word' id='word_1_524' title='bbox 1160 3353 1339 3404; x_wconf 90' lang='lat' dir='ltr'>precipio</span> <span class='ocrx_word' id='word_1_525' title='bbox 1360 3355 1408 3392; x_wconf 88' lang='lat' dir='ltr'>ut</span> <span class='ocrx_word' id='word_1_526' title='bbox 1429 3353 1532 3392; x_wconf 89' lang='lat' dir='ltr'>bene</span> <span class='ocrx_word' id='word_1_527' title='bbox 1554 3353 1596 3391; x_wconf 89' lang='lat' dir='ltr'>et</span> <span class='ocrx_word' id='word_1_528' title='bbox 1620 3352 1760 3402; x_wconf 89' lang='lat' dir='ltr'>quiete</span> <span class='ocrx_word' id='word_1_529' title='bbox 1787 3354 1828 3390; x_wconf 84' lang='lat' dir='ltr'>et</span> <span class='ocrx_word' id='word_1_530' title='bbox 1855 3351 2080 3391; x_wconf 90' lang='lat' dir='ltr'>honorifice</span> <span class='ocrx_word' id='word_1_531' title='bbox 2107 3366 2202 3392; x_wconf 90' lang='lat' dir='ltr'>cum</span> <span class='ocrx_word' id='word_1_532' title='bbox 2230 3365 2321 3392; x_wconf 85' lang='lat' dir='ltr'>saca</span> 
     </span>
     <span class='ocr_line' id='line_1_63' title="bbox 407 3406 2320 3457; baseline 0 -13"><span class='ocrx_word' id='word_1_533' title='bbox 407 3409 448 3445; x_wconf 90' lang='lat' dir='ltr'>et</span> <span class='ocrx_word' id='word_1_534' title='bbox 475 3420 599 3447; x_wconf 85' lang='lat' dir='ltr'>socna</span> <span class='ocrx_word' id='word_1_535' title='bbox 626 3411 667 3447; x_wconf 89' lang='lat' dir='ltr'>et</span> <span class='ocrx_word' id='word_1_536' title='bbox 693 3409 887 3447; x_wconf 91' lang='lat' dir='ltr'>omnibus</span> <span class='ocrx_word' id='word_1_537' title='bbox 915 3407 1284 3446; x_wconf 90' lang='lat' dir='ltr'>consuetudinibus</span> <span class='ocrx_word' id='word_1_538' title='bbox 1311 3420 1380 3447; x_wconf 88' lang='lat' dir='ltr'>eas</span> <span class='ocrx_word' id='word_1_539' title='bbox 1407 3408 1615 3457; x_wconf 89' lang='lat' dir='ltr'>predictus</span> <span class='ocrx_word' id='word_1_540' title='bbox 1643 3406 1820 3445; x_wconf 84' lang='lat' dir='ltr'>Sanctus</span> <span class='ocrx_word' id='word_1_541' title='bbox 1847 3408 1997 3445; x_wconf 89' lang='lat' dir='ltr'>teneat.</span> <span class='ocrx_word' id='word_1_542' title='bbox 2062 3407 2117 3446; x_wconf 88' lang='lat' dir='ltr'>Et</span> <span class='ocrx_word' id='word_1_543' title='bbox 2146 3406 2320 3445; x_wconf 90' lang='lat' dir='ltr'>defendo</span> 
     </span>
     <span class='ocr_line' id='line_1_64' title="bbox 407 3459 2321 3511; baseline 0 -12"><span class='ocrx_word' id='word_1_544' title='bbox 407 3474 457 3498; x_wconf 91' lang='lat' dir='ltr'>ne</span> <span class='ocrx_word' id='word_1_545' title='bbox 476 3461 625 3511; x_wconf 88' lang='lat' dir='ltr'>aliquis</span> <span class='ocrx_word' id='word_1_546' title='bbox 643 3463 739 3500; x_wconf 84' lang='lat' dir='ltr'>inde</span> <span class='ocrx_word' id='word_1_547' title='bbox 758 3462 843 3500; x_wconf 85' lang='lat' dir='ltr'>illis</span> <span class='ocrx_word' id='word_1_548' title='bbox 862 3461 990 3500; x_wconf 89' lang='lat' dir='ltr'>ullam</span> <span class='ocrx_word' id='word_1_549' title='bbox 1010 3462 1206 3500; x_wconf 88' lang='lat' dir='ltr'>iniuriam</span> <span class='ocrx_word' id='word_1_550' title='bbox 1225 3461 1356 3500; x_wconf 89' lang='lat' dir='ltr'>faciat.</span> <span class='ocrx_word' id='word_1_551' title='bbox 1408 3462 1453 3501; x_wconf 79' lang='lat' dir='ltr'>T.</span> <span class='ocrx_word' id='word_1_552' title='bbox 1469 3460 1675 3500; x_wconf 87' lang='lat' dir='ltr'>Walchel&#39;</span> <span class='ocrx_word' id='word_1_553' title='bbox 1688 3461 1825 3499; x_wconf 86' lang='lat' dir='ltr'>Wint’</span> <span class='ocrx_word' id='word_1_554' title='bbox 1838 3460 2026 3510; x_wconf 89' lang='lat' dir='ltr'>episcopo</span> <span class='ocrx_word' id='word_1_555' title='bbox 2045 3462 2085 3498; x_wconf 90' lang='lat' dir='ltr'>et</span> <span class='ocrx_word' id='word_1_556' title='bbox 2108 3459 2321 3499; x_wconf 88' lang='lat' dir='ltr'>Willelmo</span> 
     </span>
    </p>
   </div>
  </div>
 </body>
</html>
