2423 3749
911 190 1211 232 APPENDIX

940 303 1176 343 XXXVIII

131 375 333 411 William
352 374 375 410 1
393 374 443 410 in
461 374 620 410 favour
639 375 688 409 of
702 375 1208 475 Westminstgelagngbbfffi
1231 379 1500 422 concerning
1519 380 1638 423 Ayot
1659 379 1719 414 st.
1740 379 1977 414 Lawrence

1077 432 1128 465 -6
1149 457 1157 465 .

160 495 228 535 W.
252 509 322 534 rex
350 494 582 543 Anglorum
607 495 794 544 Remigio
821 496 1007 545 episcopo
1030 498 1071 534 et
1090 497 1137 535 P.
1160 498 1208 536 de
1235 498 1421 537 Valoniis
1442 502 1481 537 et
1506 500 1735 538 vicecomiti
1754 501 1794 537 et
1813 498 2005 537 omnibus

106 549 314 588 ministris
346 550 387 587 et
414 548 605 586 fidelibus
632 549 717 586 suis
750 549 916 587 Francis
945 551 985 587 et
1018 550 1166 599 Anglis
1199 551 1247 588 de
1279 553 1588 598 Hertfordscire,
1617 553 1803 591 salutem.
1859 552 2007 590 Sciatis

106 603 203 653 quia
240 602 336 642 volo
373 604 414 640 et
449 602 627 640 firmiter
663 603 840 651 precipio
874 604 919 640 ut
955 604 1126 641 Sanctus
1159 604 1306 642 Petrus
1342 610 1383 643 et
1420 607 1610 644 monachi
1646 605 2005 645 Westmonasterii

107 657 287 695 habeant
313 655 541 694 manerium
569 656 675 705 quod
705 656 944 694 nominatur
963 658 1104 706 AEgate
1128 670 1222 695 cum
1245 659 1411 696 ecclesia
1437 662 1476 697 et
1500 660 1616 707 silua,
1639 674 1733 698 cum
1758 659 2006 697 molendinis

106 714 148 749 et
177 711 294 760 prato
322 712 363 747 et
391 722 485 747 cum
514 709 708 747 omnibus
731 709 980 758 appendiciis
1000 711 1097 758 suis,
1118 711 1224 749 sicut
1252 712 1460 751 Alfwinus
1485 714 1640 752 Cottun
1658 716 1699 751 et
1718 726 1819 752 uxor
1837 726 1910 751 sua
1929 726 2004 761 pro

106 764 325 802 animabus
343 763 429 801 suis
449 763 631 812 predicto
651 763 799 801 Sancto
826 764 1084 802 donauerunt
1103 767 1143 802 et
1163 765 1268 803 sicut
1287 779 1355 803 rex
1376 766 1601 804 Edwardus
1620 767 1766 805 melius
1785 769 1825 804 et
1844 766 2005 815 plenius

106 821 149 856 et
178 817 348 856 liberius
375 816 434 854 eis
462 817 671 860 concessit,
700 830 795 854 cum
823 817 920 855 saka
947 820 987 855 et
1015 818 1125 863 soka,
1159 831 1252 856 cum
1280 819 1339 856 tol
1367 821 1408 857 et
1435 820 1574 857 theam
1598 823 1638 858 et
1663 820 1821 858 latrone
1846 822 1886 858 et
1911 833 2004 857 cum

105 871 302 910 omnibus
330 871 452 908 rebus
480 873 520 908 et
549 871 916 909 consuetudinibus
943 874 984 908 et
1011 871 1180 920 legibus.
1241 872 1294 910 Et
1319 872 1414 910 nolo
1443 875 1490 910 ut
1514 873 1661 922 aliquis
1689 875 1737 911 de
1762 874 1832 911 illo
1851 873 2004 922 aliquid

106 926 265 964 auferat
278 924 346 962 vel
365 923 568 962 diminuat
585 938 594 971 ;
623 937 697 962 nec
717 923 827 963 ullus
845 924 1023 973 aliquam
1039 925 1208 963 omnino
1226 925 1372 964 habeat
1386 926 1736 965 intromissionem
1751 927 1816 964 vel
1831 927 2005 975 calump-

104 980 221 1017 niam
239 978 376 1027 aliquo
397 980 580 1027 tempore
599 978 681 1016 nisi
700 978 823 1015 abbas
841 981 882 1016 et
902 978 1093 1016 monachi
1111 979 1160 1016 ad
1180 979 1405 1017 utilitatem
1420 981 1665 1019 monasterii.
1724 981 1768 1019 Τ.
1791 980 2005 1018 Willelmo

104 1033 293 1082 episcopo
313 1031 506 1069 Dunelm'
526 1033 567 1069 et
593 1031 857 1069 Walchelino
883 1031 1068 1080 episcopo
1088 1031 1277 1070 Winton’
1297 1035 1336 1070 et
1357 1033 1563 1071 Rodberto
1590 1035 1738 1072 comite
1765 1034 1814 1071 de
1839 1033 2007 1072 Mellent

104 1089 145 1125 et
168 1086 300 1124 Iuone
320 1085 556 1124 Taillebosc’
576 1087 617 1123 et
638 1085 842 1123 Rodberto
863 1084 911 1122 de
932 1084 1070 1134 Oleyo.
1129 1086 1251 1135 Apud
1271 1086 1567 1125 Windresores.

151 1148 432 1195 [Westminster
446 1148 587 1193 Abbey,
606 1151 614 1165 ‘
626 1148 856 1193 Domesday,'
874 1148 922 1183 fo.
939 1148 1007 1183 237
1021 1147 1087 1193 v⁰.]

968 1240 1159 1278 XXXIX

311 1311 511 1348 Winiam
531 1311 554 1346 1
574 1312 623 1347 in
642 1312 799 1348 favour
819 1312 867 1347 of
881 1313 1073 1357 Alfgiva,
1096 1313 1270 1348 Abbess
1289 1313 1338 1348 of
1352 1312 1548 1355 Barking
1567 1310 1793 1359 (1066-87).

159 1380 405 1420 Willelmus
420 1380 496 1419 Dei
511 1381 641 1430 gratia
656 1394 727 1418 rex
742 1380 935 1419 omnibus
954 1380 1105 1430 ubique
1123 1380 1314 1418 fidelibus
1328 1381 1514 1419 salutem.
1565 1381 1662 1419 Hiis
1675 1381 1805 1419 literis
1821 1380 2010 1419 omnibus

106 1437 255 1474 notum
282 1435 389 1473 facio
418 1434 526 1484 quod
554 1447 630 1483 ego
657 1435 709 1473 A.
738 1434 941 1473 abbatisse
969 1447 1110 1484 pacem
1139 1436 1180 1472 et
1208 1447 1388 1473 amorem
1415 1447 1554 1473 meum
1587 1434 1771 1480 concedo,
1802 1436 1842 1472 et
1869 1447 2011 1472 omnes

104 1489 215 1538 leges
250 1501 346 1527 suas
374 1488 418 1526 in
447 1488 612 1527 civitate
643 1490 685 1526 et
717 1489 831 1527 extra
861 1488 1082 1534 civitatem,
1114 1488 1219 1526 sicut
1252 1501 1433 1538 unquam
1471 1502 1537 1526 eas
1573 1489 1720 1526 melius
1754 1488 1898 1526 habuit
1932 1488 2011 1525 alia

103 1542 312 1581 abbatissa
331 1543 377 1580 in
406 1542 487 1581 isto
512 1542 761 1580 monasterio
787 1541 934 1580 Sancte
953 1542 1080 1580 Marie
1098 1542 1143 1580 in
1162 1544 1346 1591 tempore
1364 1542 1555 1580 Edwardi
1574 1542 1688 1591 regis.
1748 1541 1802 1579 Et
1821 1541 2012 1579 omnibus

104 1596 302 1647 prohibeo
321 1597 408 1634 tam
428 1596 694 1646 Francigenis
719 1609 842 1646 quam
866 1595 1020 1645 Anglis
1043 1597 1088 1634 ut
1108 1595 1248 1634 nullus
1267 1596 1303 1634 ei
1322 1595 1517 1634 iniuriam
1536 1595 1653 1633 faciat
1673 1609 1681 1642 ;
1710 1597 1749 1633 et
1769 1595 1841 1644 qui
1860 1596 1897 1633 ei
1916 1595 2011 1632 fecit

107 1649 236 1689 michi
255 1650 364 1689 fecit.

151 1712 324 1759 [Charter
338 1712 436 1754 Roll,
453 1713 472 1747 7
491 1714 523 1749 Sc
542 1713 563 1748 8
581 1713 657 1748 Ric.
676 1712 725 1755 ΙΙ,
743 1711 808 1748 No.
828 1711 900 1756 33]

1024 1782 1099 1820 XL

186 1857 385 1892 william
404 1857 427 1891 Ι
448 1856 497 1891 in
517 1857 675 1892 favour
695 1856 745 1890 of
759 1855 909 1892 Abbot
929 1855 1133 1890 Baldwin
1153 1854 1202 1890 of
1217 1854 1342 1899 Bury
1362 1854 1425 1890 St.
1445 1854 1676 1889 Edmunds
1695 1851 1866 1900 (1066—8
1874 1850 1922 1898 7).

159 1923 403 1962 Willelmus
421 1937 491 1962 rex
510 1923 743 1972 Anglorum
764 1922 938 1961 Ricardo
958 1922 1043 1960 filio
1063 1921 1233 1960 Comitis
1252 1922 1292 1959 et
1312 1921 1358 1960 R.
1380 1921 1610 1959 vicecomiti
1625 1921 1810 1959 salutem.
1868 1921 2014 1959 Sciatis

108 1990 175 2015 me
195 1978 439 2016 concessisse
455 1977 603 2015 Sancto
619 1977 840 2014 Edmundo
859 1977 900 2014 et
919 1975 1073 2013 Abbati
1086 1975 1339 2024 Baldewyno
1358 1977 1510 2013 terram
1531 1975 1760 2021 Brichtulfi,
1779 1977 1819 2012 et
1839 1975 2012 2012 concedo

107 2033 156 2069 ut
170 2032 475 2082 imperpetuum
490 2031 654 2069 habeat.
701 2029 886 2079 Precipio
904 2030 1027 2067 etiam
1043 2029 1160 2067 vobis
1179 2028 1338 2067 duobus
1358 2030 1404 2066 ut
1420 2028 1576 2066 faciatis
1590 2028 1727 2066 abbati
1744 2029 1790 2066 B.
1809 2029 2011 2066 iusticiam

107 2085 158 2124 de
177 2086 303 2124 Petro
326 2085 376 2123 de
395 2085 602 2134 Valeynes
619 2086 659 2122 et
685 2084 735 2122 de
756 2083 843 2122 illis
864 2082 1105 2121 hominibus
1128 2082 1198 2132 qui
1223 2082 1303 2120 sibi
1322 2081 1574 2119 iniusticiam
1593 2082 1777 2120 fecerunt
1796 2084 2012 2131 postquam

106 2152 220 2178 mare
238 2139 510 2178 transfretaui.
571 2139 633 2177 De
653 2138 740 2176 illis
760 2138 885 2176 etiam
904 2136 1144 2175 hominibus
1164 2136 1374 2183 Frodonis,
1399 2135 1449 2173 de
1468 2136 1615 2184 quibus
1634 2135 1822 2174 homines
1840 2137 2012 2174 Comitis

106 2193 321 2232 Eustachii
343 2193 519 2231 eundem
548 2192 780 2230 Frodonem
807 2190 1090 2229 disseisierunt
1116 2190 1161 2227 in
1186 2189 1432 2235 Bukeshale‚
1461 2191 1648 2238 precepto
1670 2202 1760 2227 meo
1779 2202 1873 2227 eum
1893 2189 2010 2227 resai-

104 2247 234 2286 siatis.
291 2247 451 2294 Postea,
475 2247 511 2284 si
530 2245 627 2296 quid
647 2259 769 2295 super
787 2257 855 2283 eos
874 2243 1301 2293 recalumpniauerint⁷
1323 2243 1432 2281 inter
1450 2256 1523 2281 uos
1542 2242 1745 2281 iusticiam
1768 2243 1950 2281 teneatis.

153 2310 265 2356 [RM.
284 2310 375 2346 Add.
394 2310 470 2346 MS.
489 2310 614 2353 14847,
636 2309 687 2345 fo.
704 2309 749 2344 32
763 2312 802 2343 v0
821 2308 971 2354 (Album
989 2307 1203 2353 Registrum
1221 2307 1254 2342 S.
1271 2305 1502 2351 Edmundi).]

1011 2400 1111 2438 XLI

257 2475 459 2512 William
480 2475 519 2520 Ι,
540 2474 816 2518 concerning
834 2472 1068 2517 injustices
1087 2474 1133 2508 to
1152 2472 1276 2516 Bury
1296 2472 1360 2507 St.
1379 2471 1611 2506 Edmunds
1629 2467 1857 2516 (1066-87).

160 2544 404 2583 Willelmus
423 2544 501 2582 Dei
519 2543 651 2594 gratia
669 2556 741 2581 rex
759 2542 995 2591 Anglorum
1015 2541 1062 2579 R.
1083 2540 1225 2578 comiti
1245 2539 1294 2577 de
1313 2539 1390 2586 Eu,
1408 2538 1462 2577 H.
1482 2538 1530 2576 de
1550 2537 1785 2576 Monteforti
1804 2539 1842 2574 et
1863 2537 1909 2575 R.
1927 2537 2011 2575 filio

107 2598 275 2637 comitis
291 2599 339 2638 G.
355 2597 542 2637 salutem.
603 2598 748 2635 Terras
767 2598 807 2634 et
827 2595 1016 2634 homines
1035 2594 1174 2633 Sancti
1189 2593 1399 2632 Edmundi
1418 2605 1510 2630 meo
1528 2592 1643 2630 iussu
1663 2592 1722 2629 ita
1740 2591 1857 2629 facite
1879 2591 2011 2640 quiete

110 2664 277 2691 manere
297 2654 337 2691 et
356 2652 400 2690 in
418 2665 515 2701 pace
535 2653 642 2689 stare
661 2651 768 2689 sicut
787 2652 903 2688 erant
923 2662 968 2687 ea
987 2648 1053 2686 die
1072 2661 1150 2697 qua
1176 2660 1289 2685 mare
1308 2646 1492 2685 transiui.
1551 2645 1650 2683 Illos
1669 2647 1805 2683 autem
1826 2645 2013 2682 homines

110 2706 252 2744 Sancti
270 2706 482 2744 Edmundi
501 2718 604 2755 quos
622 2705 772 2743 Petrus
791 2704 840 2742 de
858 2703 1062 2752 Valeynes
1082 2703 1125 2740 in
1146 2701 1335 2751 capcione
1350 2702 1474 2747 tenet,
1499 2712 1750 2749 quacumque
1770 2698 1925 2736 racione
1944 2711 2012 2735 eos

108 2759 271 2809 accepit,
303 2773 395 2798 meo
422 2761 611 2809 precepto
638 2758 788 2796 liberos
816 2759 857 2795 et
884 2757 1092 2795 absolutos
1119 2755 1239 2793 facite
1263 2755 1372 2792 exire
1399 2754 1449 2792 de
1476 2753 1674 2802 capcione.
1733 2752 1881 2790 Postea
1907 2751 2013 2789 inter

110 2813 317 2852 Abbatem
355 2816 396 2852 et
432 2813 606 2851 eundem
645 2812 830 2859 Petrum,
873 2824 1014 2849 omnes
1048 2809 1174 2848 eciam
1203 2808 1303 2847 alios
1336 2808 1582 2857 quicumque
1616 2806 1762 2844 Sancto
1797 2805 2013 2843 Edmundo

110 2867 365 2906 iniusticiam
383 2867 566 2906 fecerunt
586 2868 802 2915 postquam
822 2877 934 2903 mare
950 2863 1135 2910 transiui‚
1159 2863 1318 2901 firmam
1340 2863 1475 2900 tenete
1494 2860 1706 2898 iusticiam.

158 2931 268 2976 [ΒΜ.
286 2931 379 2966 Add.
399 2930 473 2966 MS.
495 2930 618 2972 14847‚
638 2930 685 2965 fo.
705 2928 777 2973 38]

1008 3007 1134 3047 XLII

285 3085 487 3122 William
507 3085 530 3119 Ι
549 3085 599 3121 in
618 3085 778 3121 favour
798 3084 847 3119 of
861 3083 937 3118 the
958 3082 1076 3125 Holy
1097 3080 1286 3124 'I'rinity‚
1310 3079 1590 3121 Canterbury
1610 3076 1837 3123 (1066»87).

167 3152 237 3191 W.
268 3165 340 3191 rex
367 3152 519 3202 Anglie
547 3151 739 3190 omnibus
766 3148 1075 3189 vicecomitibus
1102 3150 1141 3186 et
1169 3147 1384 3198 prepositis
1408 3144 1577 3194 anglicis
1604 3146 1641 3181 et
1665 3142 1910 3192 francigenis
1930 3142 2013 3180 ubi·

114 3219 290 3256 cumque
315 3206 507 3244 monachi
535 3206 584 3244 de
612 3206 759 3244 Sancta
787 3204 988 3242 Trinitate
1017 3202 1232 3241 Cantuarie
1259 3203 1388 3238 terras
1416 3199 1566 3237 habent
1594 3197 1779 3234 salutem.
1836 3196 1938 3233 Volo
1969 3198 2014 3233 ut

115 3260 254 3299 sciatis
273 3273 340 3298 me
359 3259 604 3298 concessisse
624 3259 779 3297 eisdem
805 3257 1016 3296 monachis
1040 3269 1183 3294 omnes
1202 3258 1330 3293 terras
1349 3255 1389 3292 et
1409 3265 1471 3290 res
1491 3264 1593 3298 suaS‚
1617 3252 1656 3288 et
1676 3250 1850 3299 precipio
1869 3252 1916 3287 ut
1935 3249 2014 3298 ipsi

115 3313 293 3352 firmiter
321 3315 488 3352 teneant
516 3315 558 3351 et
584 3313 808 3351 honorifice
835 3311 1022 3349 habeant.
1102 3309 1156 3347 Et
1186 3307 1359 3347 defendo
1388 3319 1438 3343 ne
1465 3304 1614 3353 aliquis
1640 3303 1699 3341 eis
1727 3304 1920 3340 iniuriam
1948 3302 2013 3340 vel

115 3367 369 3406 iniusticiam
395 3366 528 3415 faciat,
552 3366 603 3405 de
630 3366 821 3405 omnibus
848 3365 934 3402 illis
961 3364 1083 3402 rebus
1111 3362 1200 3400 dico
1229 3375 1306 3411 que
1333 3360 1382 3397 ad
1412 3358 1631 3397 monachos
1649 3357 1829 3395 eiusdem
1850 3356 2014 3394 ecclesie

116 3421 337 3470 pertinent.
395 3420 501 3458 Volo
531 3422 711 3470 preterea
749 3423 790 3458 et
826 3418 1004 3467 precipio
1041 3419 1087 3455 ut-
1126 3415 1296 3465 predicti
1334 3412 1523 3451 monachi
1560 3413 1801 3460 potestat-em
1838 3409 2011 3448 habeant

117 3477 245 3514 terras
272 3488 366 3514 suas
393 3474 516 3513 dandi
545 3476 586 3512 et
613 3474 785 3512 tollendi
814 3473 1062 3521 ubicumque
1089 3470 1148 3508 eis
1175 3469 1321 3506 melius
1350 3467 1483 3505 visum
1512 3465 1650 3510 fuerit,
1676 3465 1921 3514 quicumque
1948 3476 2015 3501 eas

185 3550 231 3572 988
1055 3543 1081 3573 K

2215 207 2293 249 129

2038 391 2214 427 calendar

2039 438 2103 473 No.
2121 439 2200 474 235.

2040 1299 2222 1336 Calendar

2041 1345 2108 1382 No.
2126 1347 2206 1382 240.

2045 1839 2227 1874 Calendar

2044 1885 2111 1922 No.
2138 1887 2217 1922 242.

2045 2467 2227 2503 Calendar

2047 2515 2114 2550 No.
2129 2515 2208 2550 258.

2048 3072 2232 3109 Calendar‘

2049 3119 2113 3156 No.
2129 3121 2208 3156 243.
