2423 3749
917 192 1219 236 APPENDIX

99 295 260 335 abbatia
287 296 338 334 de
364 296 528 335 Thorn’.
588 298 641 336 Et
670 299 703 337 si
732 301 829 348 quid
859 306 1023 352 propter
1050 306 1126 344 hoc
1156 308 1249 346 inde
1278 308 1442 356 cepistis
1473 311 1606 347 totum
1642 311 1795 348 reddite
1829 315 1868 350 et
1897 314 2001 351 sicut

102 349 261 400 precepi
279 350 577 390 admensurate.
635 352 680 391 Τ.
704 353 772 390 W.
793 357 968 395 cancell’.
1028 360 1148 409 Apud
1170 360 1371 399 Roseium.

150 411 360 465 [Bodleiam
376 411 545 466 Dugdale
563 413 639 449 Ms.
657 415 712 458 21,
727 416 779 452 fo.
797 419 863 453 146
878 424 916 452 νο
929 419 998 463 (Ex
1016 422 1185 467 Registro
1198 424 1376 459 Abbati-ae
1391 425 1436 460 dc
1450 425 1629 470 Thorney‚
1644 439 1757 471 penes
1771 429 2002 472 prenobilem

242 459 422 504 Mlldmay
441 461 614 495 comltem
632 461 919 510 Westmorland‚
940 468 1072 513 1640).]

957 543 1148 582 LXXIII

428 607 627 645 William
647 609 696 644 11
716 610 763 645 in
783 612 940 648 favour
960 615 1009 649 of
1023 615 1100 651 the
1120 617 1278 660 Abbey
1300 618 1347 652 of
1364 618 1449 653 Bec
1473 619 1610 658 (1091ἡ
1624 619 1674 666 9).

153 675 398 714 Willermus
416 689 485 713 rex
504 677 737 726 Anglorum
758 679 800 716 F.
821 679 1023 720 Veltrario
1044 686 1085 721 et
1104 684 1327 722 Isenbardo
1346 685 1537 723 Brevario
1556 690 1595 723 01
1615 688 1806 726 omnibus
1829 690 2003 727 seruien-

99 729 211 768 tibus
228 729 335 768 hanc
353 730 719 770 consuetudinibus
735 732 816 782 (sic)
832 735 1018 773 salutem.
1066 737 1212 775 Sciatis
1228 738 1323 786 quia
1337 738 1467 776 clamo
1486 742 1633 777 terram
1649 741 1794 779 Sancte
1810 743 1850 779 M
1854 744 1939 780 arie
1954 744 2003 780 de

97 783 265 822 Surceio
285 783 465 832 quietam
486 784 536 822 de
555 784 750 834 bernagio
769 787 896 825 donec
921 802 994 837 ego
1015 790 1221 839 inquiram
1242 792 1442 840 quomodo
1462 792 1541 830 fuit
1559 795 1741 842 tempore
1760 797 1884 844 patris
1906 798 1998 834 mei.

102 834 260 889 T[este]
280 837 496 875 Willelmo
516 839 766 878 cancellario.
825 841 949 891 Apud
972 843 1286 892 Rothomagum.

149 900 368 946 [Fragment
385 901 428 936 of
444 899 651 946 Oai-tulary,
672 903 846 939 Archives
864 905 906 939 of
919 905 983 940 the
1003 905 1099 941 Eure
1116 907 1161 940 H.
1182 907 1237 948 91,
1258 908 1304 942 fo.
1325 907 1367 941 39
1386 908 1452 951 v⁰.]

968 986 1148 1025 LXXIV

96 1055 374 1098 Judgement
393 1055 454 1099 by
473 1055 672 1091 William
696 1057 744 1091 ΙΙ
769 1057 817 1092 in
844 1058 1003 1094 favour
1031 1059 1080 1094 of
1101 1060 1178 1094 the
1206 1060 1325 1104 Holy
1349 1060 1523 1105 Trinity
1544 1062 1592 1096 of
1613 1061 1803 1107 Fecamp
1827 1064 1999 1106 against

172 1109 248 1145 the
266 1109 427 1144 monks
447 1109 496 1144 of
512 1110 718 1154 Saumur,
741 1111 1012 1156 concerning
1031 1113 1108 1148 the
1129 1114 1298 1149 church
1319 1115 1367 1148 of
1382 1114 1609 1158 Steyning,
1632 1117 1706 1152 810.
1729 1115 1927 1163 (109443).

153 1177 276 1226 Apud
308 1176 500 1215 Fulcardi
529 1179 715 1215 montem
747 1178 944 1227 placitum
974 1180 1054 1218 fuit
1087 1181 1131 1218 in
1164 1181 1277 1218 curia
1311 1181 1434 1231 Regis
1460 1181 1663 1220 Willelmi
1696 1183 1866 1221 iunioris
1896 1184 2003 1222 inter

100 1231 322 1269 monachos
350 1231 400 1269 (10
429 1231 596 1270 Salmur
620 1233 661 1270 et
683 1232 927 1282 Philippum
953 1234 1002 1271 de
1028 1234 1197 1272 Braiosa
1222 1235 1271 1272 de
1291 1235 1356 1272 his
1375 1235 1505 1273 causis
1526 1250 1601 1284 que
1620 1237 1872 1286 infrascripte
1892 1241 1999 1275 sunt.

100 1284 293 1323 Monachi
331 1284 380 1323 de
413 1285 588 1332 Salmur,
633 1285 744 1324 inter
786 1289 918 1325 cetera
958 1301 1036 1336 que
1079 1301 1201 1337 super
1240 1288 1481 1338 Philippum
1524 1290 1574 1326 (10
1616 1290 1765 1327 Β13033
1805 1293 1845 1328 01
1884 1304 2004 1340 super

100 1339 418 1377 Fiscannensem
437 1339 649 1377 ecclesiam
668 1340 913 1388 clamabant,
943 1341 1177 1379 clamabant
1203 1342 1324 1379 etiam
1349 1342 1600 1391 parrochiam
1624 1357 1700 1392 que
1730 1344 1778 1381 ad
1807 1344 2000 1381 Sanctum

97 1392 415 1430 Cuthmannum
452 1393 631 1442 pertinet
669 1394 718 1431 de
748 1395 913 1432 castello
947 1395 996 1433 de
1026 1395 1258 1444 Staninges,
1292 1397 1340 1433 de
1370 1396 1610 1445 Beddingas,
1644 1400 1683 1433 01
1713 1398 1760 1434 (10
1791 1397 2002 1446 Bedeling-

99 1446 262 1484 hetona.
301 1445 393 1485 Hoc
412 1460 636 1496 agnoscens
650 1447 892 1486 Willelmus
910 1448 1035 1487 abbas
1054 1449 1199 1487 tertius
1218 1449 1298 1498 ipsi
1317 1449 1464 1499 placito
1485 1450 1683 1488 interfuit.
1730 1451 1782 1487 Et
1798 1451 1853 1488 ibi
1867 1464 2002 1489 comes

98 1501 149 1539 de
182 1499 353 1538 Mellent
385 1501 590 1539 Robertus
620 1502 830 1551 perhibuit
862 1502 1001 1540 abbati
1034 1505 1075 1541 et
1102 1503 1314 1540 monachis
1342 1504 1429 1541 eius
1457 1503 1752 1549 testimonium,
1782 1505 1886 1552 quod
1918 1507 2002 1542 1013

97 1554 311 1604 parrochia
331 1555 471 1593 Sancti
491 1555 744 1594 Cuthmanni
763 1558 804 1594 et
823 1556 1016 1606 quicquid
1036 1557 1086 1595 ad
1108 1570 1198 1594 eam
1219 1557 1395 1605 pertinet
1411 1556 1657 1595 diracionata
1672 1558 1815 1595 fuisset
1831 1558 1873 1594 in
1890 1559 2001 1596 curia

100 1607 224 1658 Regis
252 1608 461 1647 Willelmi
488 1609 735 1659 antiquioris
763 1610 813 1648 ad
842 1610 1081 1648 habendum
1106 1611 1271 1648 ecclesie
1298 1610 1563 1648 Fiscannensi
1588 1611 1738 1660 absque
1764 1612 2000 1660 cuiusquam

97 1663 343 1711 calumpnia.
404 1662 458 1700 Et
480 1662 576 1712 quia
598 1663 817 1713 Philippus
836 1663 908 1713 qui
930 1677 1099 1714 presens
1120 1666 1205 1702 erat
1225 1664 1300 1703 hoc
1320 1677 1403 1702 non
1424 1665 1677 1711 contradixit,
1699 1665 1767 1702 sed
1788 1665 1996 1708 concessit,

97 1719 140 1754 et
179 1716 372 1754 monaehi
410 1717 459 1754 de
496 1717 663 1755 Salmur
699 1718 901 1765 similiter,
942 1718 1229 1756 concordatum
1267 1722 1308 1756 et
1344 1718 1569 1756 iudicatum
1607 1718 1686 1755 fuit
1723 1720 1768 1755 ut
1809 1718 1998 1766 quicquid

98 1770 360 1808 monachide
381 1770 546 1808 Salmur
563 1773 798 1820 acceperant
816 1773 908 1821 post
934 1774 1111 1810 mortem
1137 1772 1255 1822 regis,
1288 1774 1329 1809 et
1354 1772 1397 1809 in
1423 1771 1599 1818 decimis,
1629 1774 1669 1809 et
1695 1771 1738 1808 in
1765 1771 1996 1820 sepulturis,

99 1826 139 1862 et
158 1824 202 1861 in
222 1824 427 1872 offrendis,
459 1824 561 1862 etin
588 1825 781 1863 omnibus
808 1825 900 1863 aliis
927 1826 1048 1864 rebus
1076 1839 1155 1875 que
1175 1826 1381 1874 pertinent
1406 1825 1456 1863 ad
1483 1825 1689 1863 ecclesiam
1713 1825 1851 1863 Sancti
1873 1825 1998 1862 Cuth-

102 1878 254 1925 manni,
295 1878 469 1916 reddant
504 1878 671 1917 ecclesie
707 1879 985 1918 Fiscannensi.
1053 1880 1132 1918 Sed
1171 1880 1270 1918 dum
1308 1879 1384 1917 hoc
1421 1879 1739 1929 prolongaretur,
1780 1878 1894 1916 misit
1930 1892 1999 1915 rex

101 1932 260 1970 litteras
284 1931 484 1981 sigillatas
509 1932 559 1970 ad
587 1932 832 1971 iusticiarios
859 1946 955 1971 suos
985 1933 1032 1971 (10
1060 1933 1224 1982 Anglia,
1255 1933 1408 1971 scilicet
1436 1933 1485 1971 ad
1512 1933 1736 1970 Radulfum
1764 1932 1997 1980 episcopum

101 1986 151 2024 (10
191 1985 394 2033 Cicestria,
439 1986 695 2035 Ragnulfum
734 1986 1005 2036 capellanum,
1049 1987 1281 2025 Hamonem
1330 1987 1569 2036 dapiferum,
1619 1989 1658 2024 et
1697 1986 1903 2024 Ursonem
1950 1986 1998 2023 de

101 2039 271 2087 Abetot,
299 2041 342 2078 in
371 2039 521 2089 quibus
548 2040 728 2090 precepit
755 2044 801 2078 ut
830 2041 1011 2078 facerent
1039 2040 1251 2079 ecclesiam
1281 2041 1426 2079 Sancte
1453 2040 1666 2078 Trinitatis
1694 2039 1841 2077 habere
1870 2041 1999 2077 totam

101 2093 357 2143 parrochiam
377 2094 516 2132 Sancti
536 2094 791 2132 Cuthmanni
813 2096 853 2132 01
878 2095 1067 2143 (100111133,
1098 2097 1138 2132 01
1166 2108 1341 2144 corpora,
1371 2096 1412 2132 et
1439 2107 1583 2132 omnes
1610 2096 1811 2131 costumas
1838 2095 1923 2130 tam
1952 2093 2002 2130 de

101 2147 210 2185 viuis
228 2160 352 2197 quam
372 2147 421 2186 de
436 2148 621 2195 mortuis,
643 2149 748 2186 sicut
767 2148 1028 2197 pertinebant
1046 2149 1095 2186 ad
1115 2149 1339 2198 predictam
1358 2148 1568 2186 ecclesiam
1585 2147 1721 2185 Sancti
1736 2146 1999 2192 Cuthmanni‚

98 2203 323 2251 antequam
351 2201 593 2240 Willelmus
628 2203 676 2240 de
709 2202 863 2240 Braosa
896 2202 1065 2240 haberet
1094 2203 1309 2240 castellum
1339 2202 1389 2239 de
1419 2202 1627 2247 Brembra,
1661 2203 1699 2237 et
1731 2199 1921 2249 quicquid
1954 2199 2002 2236 de

98 2255 347 2305 supradictis
376 2255 571 2294 costumis
599 2256 791 2294 monachi
820 2257 870 2294 de
899 2256 1065 2294 Salmur
1093 2258 1280 2304 ceperant
1310 2255 1432 2293 reddi.
1492 2255 1542 2292 In
1570 2255 1645 2292 hoc
1675 2254 1822 2302 placito
1851 2252 2001 2290 iudices

102 2321 151 2347 ex
178 2311 295 2358 parte
322 2309 431 2359 regis
460 2310 678 2349 sederunt:
717 2310 921 2348 Robertus
952 2323 1087 2348 comes
1120 2310 1168 2347 de
1199 2309 1381 2353 Μο110111,
1418 2309 1535 2346 Eudo
1565 2307 1731 2356 dapifer,
1764 2307 2003 2344 Willelmus

99 2363 297 2402 Gifardus
329 2363 605 2411 cancellarius,
645 2363 886 2401 Willelmus
919 2364 967 2401 de
1003 2363 1277 2409 Wereluuast,
1317 2362 1557 2399 Willelmus
1594 2361 1704 2399 filius
1742 2360 1871 2409 Ogeri.
1942 2360 2003 2397 Ex

101 2418 215 2465 parte
247 2418 392 2455 Sancte
422 2417 640 2456 Trinitatis
668 2418 861 2456 fuerunt:
899 2417 1140 2455 Willelmus
1169 2417 1307 2463 abbas,
1341 2415 1465 2464 Hugo
1497 2415 1619 2464 prior,
1659 2414 1852 2463 Rogerius
1889 2413 2004 2461 Baig-

101 2473 206 2518 nart,
245 2471 460 2518 Raherius‚
495 2472 718 2521 Philippus
749 2472 798 2509 de
829 2472 1009 2517 Braiosa,
1046 2471 1267 2508 Fulbertus
1298 2470 1614 2515 archidiaconus,
1656 2468 1856 2515 Rogerius
1894 2467 2005 2504 filius

103 2525 256 2571 Gerolt,
286 2525 511 2564 Gaufridus
539 2526 697 2570 Martel,
729 2525 974 2563 Willelmus
1003 2524 1165 2570 Grenet,
1198 2523 1481 2573 Ingelrandus,
1513 2522 1707 2560 Ricardus
1736 2521 1783 2558 (10
1812 2521 1852 2558 13
1880 2521 2000 2565 Μ31·3,

102 2579 189 2617 0ᾶο
208 2579 322 2617 filius
340 2579 528 2629 Ansgeri,
552 2579 796 2617 Willelmus
816 2579 948 2617 Malus
968 2579 1205 2617 Conductus
1224 2580 1265 2615 et
1285 2577 1353 2614 alii
1372 2576 1504 2615 multi.

150 2642 294 2687 [P.R.O.
311 2643 445 2679 Cartae
464 2643 664 2688 Antiquae,
682 2643 727 2678 29
745 2642 827 2688 (l).]
977 2690 1133 2728 LXXV

442 2759 640 2795 Wilh‘am
669 2759 718 2794 ΙΙ
747 2758 795 2793 in
823 2758 981 2794 favour
1008 2758 1057 2792 of
1083 2758 1131 2792 Gr.
1166 2757 1215 2791 of
1238 2757 1437 2791 Durham
1467 2749 1668 2800 (1096-9).

155 2824 224 2864 W.
256 2839 325 2864 rex
352 2827 505 2877 Anglie
532 2827 577 2865 T.
607 2827 910 2876 archiepiscopo
939 2827 979 2863 et
1008 2824 1064 2862 H.
1091 2823 1321 2863 vicecomiti
1349 2825 1388 2860 et
1418 2823 1463 2860 R.
1494 2821 1715 2871 Paganello
1743 2823 1783 2857 et
1811 2819 2002 2879 omnibns

101 2879 322 2918 baronibus
346 2882 387 2919 et
411 2880 600 2919 fidelibus
623 2881 720 2928 suis,
743 2881 931 2919 salutem.
991 2878 1174 2927 Precipio
1194 2880 1235 2915 et
1252 2877 1346 2915 volo
1365 2878 1410 2914 ut
1430 2876 1478 2913 G.
1500 2874 1787 2912 Dunelmensis
1807 2874 1927 2910 modo
1947 2875 2003 2909 ita

103 2933 205 2971 bene
223 2935 264 2972 01
283 2934 508 2973 honorifice
527 2936 569 2973 et
587 2935 631 2973 in
649 2948 747 2985 pace
768 2935 905 2972 teneat
923 2936 1051 2970 terras
1070 2934 1110 2970 et
1129 2931 1443 2969 consuetudines
1465 2931 1505 2966 et
1530 2929 1717 2966 homines
1741 2929 1780 2963 et
1799 2927 2003 2986 passagios

103 2989 144 3025 01
163 3000 304 3026 01111103
323 3001 387 3026 res
405 3001 506 3038 quas
524 2989 647 3027 modo
667 2989 717 3026 de
740 3001 805 3026 me
827 2989 941 3026 tenet
961 2987 1067 3023 infra
1090 2985 1235 3022 urbem
1254 2990 1295 3022 et
1314 2986 1425 3021 extra
1443 2983 1547 3021 sicut
1565 2995 1745 3030 unquam
1756 2980 2003 3041 ‘Wsslelmus

104 3041 396 3080 Dunelmensis
413 3042 628 3092 episcopus
647 3042 796 3080 melius
815 3043 854 3079 et
875 3039 1054 3090 quietius
1073 3039 1115 3077 in
1134 3039 1220 3077 vita
1239 3052 1312 3076 sua
1333 3037 1478 3075 tenuit.
1536 3037 1589 3073 Et
1613 3035 1797 3095 precipio
1817 3036 1861 3093 ut
1887 3033 2002 3070 nullo

102 3095 223 3133 modo
237 3096 383 3134 amodo
398 3096 562 3145 aliquod
579 3097 670 3146 geld
690 3097 737 3134 de
754 3095 942 3134 Norteisa
960 3094 1242 3141 interrogetur.
1293 3091 1394 3139 Quia
1410 3091 1502 3129 volo
1518 3102 1684 3127 omnino
1700 3091 1744 3125 ut
1759 3088 1998 3131 dimittatur,

102 3161 175 3186 nec
199 3149 364 3198 aliquod
389 3150 577 3188 namium
604 3150 783 3200 amplius
811 3149 906 3186 inde
933 3147 1124 3196 capiatur.
1183 3146 1226 3183 T.
1251 3145 1318 3181 W.
1339 3144 1526 3193 episcopo
1552 3146 1592 3180 01
1610 3143 1658 3180 V.
1679 3142 1726 3179 de
1747 3141 1851 3177 Abb'
1870 3143 1910 3178 et
1929 3139 1998 3176 W.

101 3200 150 3240 (10
169 3203 382 3242 Α111011010.

146 3265 328 3311 [Durham
345 3266 552 3309 Cathedml,
568 3266 693 3301 Prima
712 3266 856 3300 Primae
875 3263 1080 3309 Regalium.
1098 3262 1163 3297 No.
1185 3264 1205 3296 >3
1224 3260 1411 3306 (original,
1425 3259 1545 3294 scaled
1550 3258 1591 3302 ).]

963 3338 1141 3377 LXXVI

2218 222 2291 264 137

2035 618 2217 653 Calendar

2036 665 2099 700 No.
2118 666 2196 700 425.

2034 1062 2214 1096 ‹falendar

2035 1107 2100 1142 No.
2116 1108 2195 1142 423.

2036 2724 2215 2759 Calendar

2036 2771 2099 2805 No.
2120 2772 2197 2805 412.

98 3408 300 3444 William
328 3409 352 3444 1
381 3419 430 3445 or
458 3409 509 3444 ΙΙ
538 3410 586 3445 in
615 3409 773 3444 favour
802 3408 850 3443 of
883 3406 959 3442 the
989 3414 1154 3440 canons
1185 3404 1233 3438 of
1257 3404 1319 3438 St.
1350 3402 1532 3443 Peter's‚
1564 3399 1687 3434 York
1716 3393 2000 3443 (1070-1100).
2034 3379 2216 3460 gglssffillar

169 3471 410 3510 Willelmus
454 3485 524 3510 rex
570 3471 803 3520 Anglorum
846 3470 889 3507 T.
937 3466 1252 3515 Archiepiscopo
1300 3466 1339 3501 et
1387 3464 1434 3501 G.
1475 3462 1678 3500 Bainardo
1724 3463 1763 3497 et
1807 3458 2000 3497 omnibus
