2423 3749
108 178 188 219 130

105 626 287 661 Calendar

106 673 170 707 No.
191 673 270 707 250.

100 1265 280 1301 (3010οᾶ01-

101 1312 165 1347 Νο.
185 1313 265 1347 275.

93 2160 275 2196 Calendar

94 2208 159 2243 No.
179 2209 258 2243 285.

89 3001 269 3037 Calendar

90 3048 154 3083 No.
173 3050 250 3084 294.

984 171 1296 213 CHARTERS
1337 171 1412 212 OF
1453 172 1714 214 WILLIAM
1755 174 1778 214 I

402 286 547 323 teneat.
605 285 658 322 Et
679 283 855 332 precipio
875 285 921 320 ut
941 283 1130 320 homines
1150 284 1331 321 eiusdem
1351 284 1517 322 ecclesie
1537 286 1732 333 predictis
1757 287 1970 324 monachis
1989 288 2143 326 subditi
2161 289 2247 327 sint
2267 292 2308 327 et

402 339 574 376 subiecti
604 341 643 375 et
671 339 715 374 in
745 336 936 374 omnibus
965 336 1208 374 obedientes.
1265 337 1308 374 Τ.
1331 337 1523 375 Gosfrido
1549 338 1737 388 episcopo
1757 339 2076 389 constanciensi,
2098 342 2309 381 Bernardo

401 392 618 440 capellano,
643 391 823 438 Hugone
843 390 891 426 de
912 389 1116 428 Munford.
1175 390 1300 439 Apud
1321 391 1714 430 Vestmonasterium
1735 393 1778 430 in
1799 394 1955 432 octabis
1974 398 2237 444 pentecostes.

449 460 625 505 [Chapter
641 457 828 501 Archives,
845 458 1090 503 Canterbury,
1108 458 1144 493 C.
1165 460 1185 493 5
1207 459 1426 505 (original).]

1283 556 1433 595 XLIII

533 627 730 662 William
751 627 773 662 Ι
795 627 841 661 in
861 627 1020 664 favour
1040 628 1089 663 of
1104 628 1420 729 westminster
1440 629 1614 730 >Abbey‚
1637 630 1910 675 concerning
1929 632 2180 668 Wermelea

1260 683 1440 718 1066-87
1461 711 1468 718 .

451 750 519 788 W.
554 763 624 787 rex
653 749 886 798 Anglorum
926 749 1083 787 Ilberto
1111 750 1161 788 de
1189 750 1388 789 Hertford
1418 753 1459 789 et
1486 752 1680 790 omnibus
1717 752 1910 790 fidelibus
1946 753 2033 791 suis
2067 753 2237 792 Francis
2266 756 2309 791 et

398 803 549 852 Anglis
585 804 773 841 salutern.
853 803 999 842 Sciatis
1037 803 1136 853 quia
1172 817 1245 852 ego
1283 805 1458 842 concedo
1503 805 1651 844 Sancto
1689 807 1814 844 Petro
1851 806 2031 845 Westm'
2068 809 2222 845 terram
2259 807 2309 845 de

397 857 628 895 Wermelea
660 870 783 906 quam
817 858 1033 896 Leofsinus
1071 858 1121 895 de
1154 858 1374 896 Lundonia
1411 859 1524 896 dedit
1562 859 1696 898 eidem
1733 860 1911 899 ecclesie.
1983 862 2037 898 Et
2064 861 2160 899 volo
2187 863 2309 910 atque

396 912 573 961 precipio
600 914 645 949 ut
676 911 850 949 Sanctus
879 911 1028 949 Petrus
1057 925 1148 949 eam
1178 912 1326 950 habeat
1354 912 1459 951 sicut
1486 926 1670 963 unquam
1697 915 1850 953 melius
1874 915 2031 960 habuit,
2053 916 2093 952 et
2113 915 2219 953 sicut
2240 928 2309 953 rex

395 965 622 1003 Edwardus
649 965 781 1003 eidem
819 965 984 1003 ecclesie
1013 965 1208 1004 concessit
1237 968 1277 1004 et
1305 967 1400 1004 inde
1436 966 1515 1005 fuit
1552 967 1701 1013 saisita,
1731 970 1772 1006 et
1801 969 1907 1006 sicut
1935 981 2008 1018 ego
2046 969 2133 1018 ipse
2169 970 2311 1018 postea

396 1019 577 1068 predicto
598 1019 747 1057 Sancto
766 1032 856 1057 eam
876 1019 1065 1058 concessi.

443 1087 719 1133 [Westminster
735 1087 874 1132 Abbey,
896 1086 1146 1133 ‘Domesday,'
1166 1089 1214 1124 fo.
1234 1089 1300 1123 678
1315 1089 1380 1134 v⁰.]

1285 1181 1425 1219 XLIV

502 1252 701 1289 William
721 1253 744 1287 I
764 1252 812 1287 in
831 1253 991 1289 favour
1012 1254 1061 1289 of
1075 1254 1393 1290 westminster
1411 1255 1585 1302 Abbey,
1610 1255 1883 1298 concerning
1903 1255 2123 1291 churches
2141 1255 2190 1291 in

791 1307 1128 1344 Rutlandshire.
1189 1306 1411 1356 (Probably
1431 1306 1651 1356 spurious.)
1709 1306 1916 1356 (1080-7.)

447 1375 515 1413 W.
550 1388 619 1413 rex
646 1375 799 1425 Anglie
824 1376 1012 1425 Remigio
1041 1376 1227 1426 episcopo
1254 1376 1467 1415 Lincolnie
1493 1378 1533 1414 et
1557 1376 1611 1414 H.
1637 1377 1685 1414 de
1708 1376 1873 1414 Portet
1891 1376 2083 1415 omnibus
2103 1377 2308 1416 ministris

394 1429 480 1467 suis
499 1442 545 1467 ac
565 1429 755 1467 fidelibus
771 1430 938 1468 Francis
958 1433 999 1468 et
1018 1430 1168 1479 Anglis
1184 1431 1233 1468 de
1253 1430 1632 1481 Notingehamscire
1646 1430 1836 1468 salutem.
1895 1430 2042 1468 Sciatis
2061 1443 2126 1468 me
2147 1431 2309 1471 dedisse

394 1486 432 1520 et
453 1484 696 1521 concessisse
714 1484 798 1521 Deo
819 1486 860 1522 et
881 1485 1031 1523 Sancto
1051 1485 1174 1522 Petro
1189 1484 1366 1522 Westm’
1385 1486 1425 1522 et
1445 1484 1658 1522 monachis
1674 1485 1775 1522 duas
1794 1484 1986 1522 ecclesias
2006 1485 2050 1522 in
2065 1485 2304 1533 Rotelande,

394 1537 685 1587 Uppingeham
706 1540 746 1576 et
765 1538 1001 1585 Werleiam,
1025 1551 1119 1576 cum
1146 1538 1312 1577 ecclesia
1332 1539 1379 1576 de
1400 1538 1588 1581 Beltuna,
1609 1552 1703 1576 cum
1722 1538 1842 1576 terris
1860 1538 2053 1577 omnibus
2073 1541 2113 1577 et
2138 1539 2308 1578 decimis

392 1594 433 1629 et
461 1592 626 1640 capellis
653 1592 712 1629 eis
740 1592 1050 1640 pertinentibus.
1111 1593 1166 1630 Et
1193 1593 1286 1630 volo
1313 1596 1354 1631 et
1384 1593 1557 1630 firmiter
1584 1592 1762 1642 precipio
1792 1594 1838 1630 ut
1867 1592 1971 1630 bene
1999 1594 2040 1631 et
2067 1593 2112 1630 in
2141 1606 2239 1642 pace
2266 1597 2307 1631 et

393 1645 529 1695 quiete
549 1648 588 1683 et
609 1646 831 1684 honorifice
851 1648 1030 1694 teneant,
1049 1659 1143 1684 cum
1164 1647 1357 1685 omnibus
1376 1647 1498 1685 rebus
1517 1649 1558 1684 et
1578 1646 1895 1684 rectitudinibus
1914 1649 1955 1684 et
1973 1646 2133 1696 legibus
2151 1649 2191 1685 et
2212 1660 2305 1685 cum

393 1700 630 1737 omnimoda
645 1699 831 1738 libertate
852 1701 952 1749 ipsis
965 1700 1145 1738 ecclesiis
1159 1701 1470 1750 pertinentibus,
1489 1701 1594 1738 sicut
1607 1701 1777 1738 fuerunt
1792 1703 1974 1749 tempore
1989 1701 2097 1750 regis
2111 1701 2306 1739 Edwardi

392 1753 541 1792 melius
561 1756 601 1791 et
620 1754 784 1802 plenius
802 1757 842 1792 et
861 1755 1040 1793 liberius.
1100 1755 1156 1792 Et
1180 1755 1352 1793 defendo
1378 1768 1499 1803 super
1525 1755 1601 1792 hoc
1626 1768 1678 1792 ne
1698 1754 1808 1792 ullus
1827 1755 1884 1792 eis
1902 1755 2083 1803 aliquam
2111 1754 2307 1793 iniuriam

392 1808 539 1854 faciat3
570 1808 664 1857 quia
692 1808 788 1847 0010
817 1811 862 1846 ut
884 1809 1032 1858 aliquis
1061 1808 1240 1858 aliquam
1272 1809 1624 1847 intromissionem
1654 1809 1703 1846 de
1727 1808 1812 1846 illis
1835 1809 1921 1846 ullo
1949 1811 2135 1857 tempore
2158 1808 2307 1848 habeat

392 1862 471 1900 nisi
499 1862 623 1900 abbas
653 1865 692 1900 et
721 1863 913 1900 monachi
941 1863 991 1901 ad
1021 1876 1142 1900 usum
1180 1863 1430 1902 monasterii.
1487 1863 1610 1901 Teste
1638 1862 1854 1900 Willelmo
1883 1863 2078 1901 Dunelm’
2118 1863 2307 1913 episcopo

391 1918 432 1954 et
459 1915 720 1954 Walchelino
748 1917 937 1966 episcopo
966 1918 1006 1955 et
1034 1917 1212 1955 Roberto
1241 1918 1389 1955 comite
1419 1917 1467 1955 de
1496 1916 1669 1955 Mellent
1697 1918 1738 1954 et
1766 1916 1972 1955 Rodberto
2001 1917 2049 1954 de
2078 1916 2216 1966 Oleyo.

437 1985 714 2030 [Westminster
729 1986 869 2031 Abbey,
889 1989 897 2005 ‘
910 1986 1140 2031 Domesday,'
1159 1987 1207 2022 fo.
1228 1986 1324 2031 253]

1286 2084 1403 2123 XLV

489 2157 821 2203 confirmation,
842 2158 905 2202 by
924 2158 1123 2193 William
1143 2159 1181 2202 1,
1204 2162 1250 2195 to
1271 2159 1333 2194 St.
1356 2157 1533 2193 Amand
1553 2157 1601 2193 of
1615 2157 1788 2202 Rouen,
1811 2158 1860 2193 of
1875 2157 1981 2200 gifts
2000 2158 2130 2193 made
2148 2158 2211 2202 by

902 2212 1117 2257 Maurice,
1140 2212 1308 2256 Bishop
1329 2213 1378 2247 of
1392 2212 1579 2247 London
1599 2209 1802 2258 (1086-7).

443 2280 530 2329 Ego
550 2279 802 2325 Willelmus,
824 2281 1058 2330 Anglorum
1079 2281 1176 2329 Rex,
1202 2281 1375 2319 concedo
1396 2280 1504 2330 quod
1525 2279 1745 2318 Mauricius
1764 2279 2068 2318 Londoniensis
2091 2280 2305 2330 episcopus

389 2333 457 2372 det
479 2334 628 2372 Sancto
643 2334 835 2372 Amando
856 2335 904 2372 de
925 2335 1185 2384 Rothomago
1205 2335 1383 2373 decimas
1402 2347 1502 2385 quas
1521 2334 1666 2372 habuit
1688 2333 1730 2371 in
1751 2334 1901 2372 foresta
1922 2333 1970 2370 de
1991 2333 2304 2372 Halieromonte

389 2390 429 2425 et
450 2388 498 2425 de
519 2389 669 2433 Ewart,
692 2389 779 2426 tam
798 2389 843 2426 in
863 2389 1029 2426 essartis
1049 2403 1172 2438 quam
1192 2389 1237 2426 in
1259 2389 1437 2428 denariis
1456 2404 1464 2435 ;
1492 2390 1534 2426 et
1555 2388 1757 2425 decimam
1779 2387 2042 2426 denariorum
2059 2388 2108 2425 de
2125 2388 2304 2426 Barbato

390 2442 562 2489 Fluvi03
591 2445 633 2480 et
652 2442 851 2480 decimam
873 2442 922 2481 de
943 2443 1091 2481 Sancto
1110 2443 1275 2482 Jacobo.
1336 2443 1391 2481 Et
1416 2442 1535 2480 iubeo
1562 2444 1603 2480 et
1627 2442 1785 2480 affirmo
1812 2444 1858 2480 ut
1884 2442 2060 2480 Sanctus
2084 2442 2304 2480 Amandus

387 2496 484 2534 haec
505 2497 644 2534 omnia
663 2497 765 2534 bene
785 2497 942 2544 habeat,
965 2498 1072 2536 sicut
1092 2497 1317 2535 Mauricius
1332 2497 1545 2546 episcopus
1565 2496 1715 2534 melius
1734 2496 1890 2534 habuit.
1947 2496 2067 2533 Teste
2087 2495 2304 2534 Willelmo

387 2550 471 2587 filio
510 2551 646 2599 Regis,
688 2553 728 2588 et
766 2551 944 2589 Roberto
982 2551 1133 2589 comite
1172 2551 1456 2589 Moritoniensi
1492 2554 1534 2588 et
1572 2550 1744 2589 Eudone
1788 2550 1980 2599 dapifero,
2027 2551 2068 2587 et
2105 2550 2302 2588 Rotberto

387 2604 677 2652 dispensatore.

441 2658 616 2708 Signum
640 2667 673 2701 ÷
697 2658 906 2696 Willelmi
922 2659 1056 2709 Regis.
1099 2659 1179 2709 Sig.
1209 2666 1241 2698 -1-
1266 2658 1473 2697 Willelmi
1488 2658 1564 2696 filii
1580 2658 1717 2707 Regis.
1756 2658 1837 2707 Sig.
1863 2664 1896 2698 -Ι-
1919 2656 2108 2696 Rotberti
2125 2658 2297 2696 comitis.

388 2712 468 2761 Sig.
495 2719 528 2752 -Ι-
551 2713 736 2750 Eudonis
757 2713 939 2762 dapiferi.

434 2781 578 2826 [P.R.O.
600 2781 742 2817 Record
757 2782 1000 2818 Commission
1017 2782 1263 2827 Transcripts,
1285 2781 1403 2817 Series
1423 2782 1469 2823 ΙΙ,
1490 2781 1570 2816 Vol.
1592 2781 1658 2816 140
1668 2781 1710 2822 A,
1730 2781 1796 2816 No.
1820 2780 1862 2814 15
1883 2780 1993 2823 (from
2011 2791 2033 2814 a
2052 2779 2245 2825 cartulary
2263 2782 2301 2815 01

525 2828 577 2863 St.
598 2828 781 2874 Amand);
809 2829 952 2873 Round,
976 2832 1011 2865 C.
1032 2833 1077 2865 D.
1097 2832 1138 2864 F.
1159 2829 1226 2865 No.
1245 2830 1309 2870 94;
1338 2829 1590 2874 Pommeraye,
1610 2830 1659 2863 St.
1678 2829 1834 2870 Amand,
1856 2840 1891 2872 p.
1911 2827 1983 2871 82]

1273 2927 1413 2965 XLVI

437 2999 639 3036 William
667 2999 715 3033 II
746 2998 1010 3042 confirming
1038 2999 1114 3035 the
1141 2999 1418 3042 possessions
1447 2999 1496 3034 of
1520 2999 1645 3043 Bury
1674 2999 1734 3034 St.
1768 2998 2004 3033 Edmunds
2033 2994 2079 3043 (0.
2112 2994 2243 3043 1087).

437 3066 678 3105 Willelmus
705 3080 776 3105 rex
808 3068 1042 3116 Anglorum
1075 3067 1269 3104 omnibus
1296 3066 1609 3105 vicecomitibus
1642 3067 1727 3105 suis
1757 3067 1981 3115 ceterisque
2015 3065 2221 3103 ministris
2252 3064 2297 3103 in

385 3121 543 3159 cunctis
570 3121 921 3160 vicecomitatibus
949 3122 993 3158 in
1023 3121 1173 3170 quibus
1201 3121 1376 3159 Sanctus
1405 3121 1652 3159 Edmundus
1681 3123 1812 3158 terras
1839 3120 1962 3158 habet
1989 3121 2054 3158 vel
2093 3119 2293 3167 homines,

385 3175 570 3213 salutem.
640 3175 791 3213 Mando
829 3175 946 3213 vobis
984 3175 1091 3224 quod
1120 3188 1194 3223 ego
1221 3175 1396 3213 concedo
1428 3174 1576 3213 Sancto
1606 3175 1829 3212 Edmundo
1858 3187 2002 3212 omnes
2038 3173 2132 3211 illas
2168 3175 2297 3211 terras

386 3230 425 3265 et
445 3242 589 3267 omnes
608 3228 702 3267 illos
728 3229 916 3267 homines
943 3242 1044 3279 quos
1072 3229 1215 3267 habuit
1240 3229 1284 3266 in
1310 3231 1491 3278 tempore
1515 3228 1624 3278 regis
1652 3229 1842 3266 Edwardi
1865 3231 1906 3266 et
1926 3228 1969 3265 in
1988 3230 2172 3276 tempore
2192 3227 2297 3276 regis

385 3281 591 3320 Willelmi
619 3283 748 3332 patris
776 3283 857 3321 mei
886 3296 979 3321 cum
1009 3284 1130 3321 terris
1157 3296 1308 3320 eorum.
1378 3283 1433 3320 Et
1460 3283 1551 3320 ideo
1580 3282 1757 3331 precipio
1785 3285 1831 3320 ut
1859 3281 2003 3319 nullus
2030 3283 2218 3319 vestrum
2246 3280 2295 3318 de

386 3336 468 3372 illis
484 3338 600 3375 terris
620 3339 659 3374 et
679 3337 728 3374 de
748 3337 833 3375 illis
851 3337 1091 3375 hominibus
1110 3337 1289 3385 amplius
1304 3349 1356 3383 se,
1375 3337 1410 3374 si
1425 3350 1491 3374 me
1509 3336 1692 3384 diligitis,
1710 3336 1973 3374 intromittat.
2023 3335 2066 3373 Τ.
2091 3334 2295 3373 Edwardo

385 3389 584 3439 Episcopo
604 3391 687 3440 (sic)
708 3391 790 3428 Sar.

432 3451 541 3497 [B.M.
560 3453 652 3488 Add.
670 3452 744 3488 MS.
766 3454 888 3497 14847,
908 3454 956 3490 fo.
977 3454 1021 3489 38
1040 3453 1267 3499 (Registrum
1287 3453 1422 3488 Album
1442 3453 1474 3489 8.
1495 3452 1728 3499 Edmundi).]
