2423 3749
95 177 175 228 136

95 356 279 393 Calendar

94 403 160 439 No.
176 405 258 440 409.

89 1299 270 1335 Calendar

89 1346 155 1381 No.
173 1347 250 1380 411.

87 1836 269 1873 Calendar

88 1883 153 1919 No.
171 1886 248 1920 417.

88 2352 268 2388 Calendar

89 2400 153 2434 No.
172 2401 251 2435 418.

86 3144 267 3179 Calendar

86 3191 152 3226 No.
170 3192 249 3226 422.

941 172 1253 214 CHARTERS
1295 172 1371 212 OF
1412 172 1675 212 WILLIAM
1714 172 1761 212 II

1247 283 1437 322 LXVIII

450 360 648 395 william
677 358 725 392 ΙΙ
753 357 801 391 in
829 357 986 391 favour
1014 356 1063 391 of
1086 355 1422 399 Peterborough
1449 355 1622 401 Abbey,
1652 358 1922 401 concerning
1949 358 2026 394 the
2054 358 2162 402 gifts
2189 359 2238 394 of

1046 409 1128 444 Ivo
1156 408 1397 445 'taillebois
1423 405 1473 458 (c.
1503 406 1635 458 1098).

442 484 684 522 Willelmus
709 496 778 520 rex
801 482 1035 531 Anglorum
1056 482 1234 520 Roberto
1262 482 1545 521 Lincolniensi
1574 483 1760 534 episcopo
1788 487 1830 523 et
1859 484 2040 523 Osberno
2065 484 2299 524 vicecomiti

389 542 428 576 et
461 537 653 576 omnibus
686 536 909 574 baronibus
940 535 1026 574 suis
1058 538 1101 574 et
1133 535 1323 575 fidelibus
1354 536 1540 575 salutem.
1612 537 1757 576 Sciatis
1784 552 1850 577 me
1878 538 2123 577 concessisse
2151 539 2300 578 Sancto

391 593 512 629 Petro
532 591 581 628 de
600 591 738 639 Burgo
761 591 802 627 et
822 589 1003 628 Turoldo
1027 589 1164 628 abbati
1192 592 1232 628 et
1260 591 1473 628 monachis
1501 591 1684 629 eiusdem
1703 593 1869 631 ecclesie
1895 593 1946 631 ad
1971 592 2127 631 victum
2156 606 2297 631 eorum

391 649 517 682 terras
536 645 628 682 illas
648 657 748 693 quas
768 643 862 682 Yuo
882 643 1071 682 Talebois
1090 643 1139 682 de
1159 644 1340 693 predicto
1363 644 1509 682 abbate
1536 646 1668 683 tenuit
1698 648 1739 684 et
1766 647 1854 695 ipse
1881 646 1992 684 idem
2018 646 2113 685 Yuo
2140 647 2299 685 eisdem

389 698 599 736 monachis
618 697 661 734 in
683 697 767 736 vita
785 710 859 735 sua
878 697 1068 735 reddidit.
1129 697 1196 736 Ita
1214 697 1370 737 scilicet
1388 700 1436 736 ut
1454 701 1547 747 post
1566 699 1774 738 decessum
1793 700 1882 738 eius
1900 700 1950 738 ad
1970 700 2139 738 domum
2160 701 2300 739 Sancti

389 752 503 789 Petri
522 751 716 797 redirent,
737 753 916 790 testante
935 751 1188 801 cyrographo
1212 751 1263 790 ab
1286 752 1430 790 eodem
1449 752 1595 791 Yuone
1618 755 1659 791 et
1677 754 1857 792 Turoldo
1884 753 2029 792 abbate
2053 755 2296 804 conscripto.

390 806 476 843 Hec
496 807 635 843 autem
655 807 755 843 sunt
773 807 975 843 terrarum
991 805 1172 853 nomina,
1191 805 1344 844 scilicet
1358 806 1521 844 Scotere
1536 808 1577 845 et
1592 806 1777 846 Walcote
1792 821 1886 846 curn
1902 807 2095 846 omnibus
2110 808 2300 858 appendi-

387 859 459 897 ciis
487 859 574 897 suis
603 859 647 896 in
668 859 784 897 siluis
812 861 853 897 et
880 860 1009 908 pratis
1037 862 1077 897 et
1108 859 1225 909 aquis
1254 863 1296 898 et
1327 860 1515 910 piscariis
1548 863 1590 899 et
1623 861 1875 900 molendinis
1902 864 1943 900 et
1971 862 2163 901 domibus
2191 862 2300 901 infra

387 914 565 961 burgum
594 914 634 950 et
663 915 788 951 extra.
860 913 915 951 Et
943 913 1037 952 volo
1066 915 1107 951 et
1134 913 1312 963 precipio
1339 915 1387 952 ut
1414 913 1636 952 honorifice
1663 916 1705 953 et
1737 916 1870 965 quiete
1903 918 2069 954 teneant
2097 929 2163 955 eas
2194 916 2299 954 sicut

386 967 534 1004 melius
562 968 706 1005 tenent
734 967 834 1006 alias
861 968 992 1005 terras
1020 967 1070 1005 de
1099 967 1281 1006 dominio
1311 967 1451 1006 Sancti
1479 968 1594 1006 Petri
1622 981 1717 1007 cum
1746 969 2039 1008 consuetudine
2068 971 2110 1008 et
2140 970 2300 1019 legibus

387 1021 480 1059 suis.
539 1021 594 1059 Et
614 1021 788 1059 defendo
809 1034 861 1059 ne
878 1021 1028 1071 aliquis
1049 1022 1107 1059 eis
1126 1034 1247 1071 super
1266 1022 1344 1060 hoc
1364 1021 1557 1060 iniuriam
1577 1022 1709 1062 faciat.
1768 1023 1865 1062 Hiis
1883 1024 2069 1062 testibus.

433 1089 546 1134 [B.M.
577 1089 745 1135 Egerton
771 1089 847 1124 MS.
877 1090 979 1133 2733,
1001 1090 1049 1126 fo.
1077 1090 1122 1125 49
1139 1090 1324 1136 (Register
1352 1091 1393 1126 of
1412 1091 1730 1137 Peterborough);
1750 1092 1843 1128 B.M.
1870 1092 2100 1128 Lansdowne
2124 1092 2199 1128 MS.
2218 1092 2299 1135 992,

525 1138 574 1172 fo.
595 1137 656 1171 121
679 1136 944 1182 (transcript).]

1271 1229 1416 1270 LXIX

410 1302 609 1338 William
629 1303 678 1338 ΙΙ
698 1303 746 1337 in
766 1303 923 1338 favour
943 1303 992 1339 of
1007 1303 1069 1340 St.
1091 1303 1261 1339 Martin
1278 1303 1327 1338 of
1341 1304 1525 1348 Troarn,
1547 1304 1817 1349 concerning
1835 1306 2033 1350 Horsley
2052 1304 2256 1354 (1094—8).

438 1375 689 1424 Willelmus,
713 1376 801 1414 Rex
819 1376 1066 1425 Anglorum,
1089 1375 1280 1415 Waltero
1299 1376 1534 1416 vicecomiti
1553 1378 1601 1416 de
1622 1378 1855 1418 Gloecestra
1873 1379 2063 1418 salutem.
2111 1379 2300 1429 Precipio

383 1429 461 1468 tibi
481 1432 528 1468 ut
547 1430 748 1478 Horsleia‚
768 1433 875 1469 terra
895 1431 1035 1469 Sancti
1055 1430 1224 1469 Martini
1246 1431 1295 1470 de
1315 1431 1507 1480 Troarno‚
1531 1433 1587 1470 sit
1607 1434 1695 1471 rata
1714 1435 1755 1471 et
1775 1433 1914 1483 quieta
1933 1434 1983 1472 ad
1998 1433 2086 1472 VII
2105 1433 2236 1483 hydas
2251 1434 2300 1472 de

385 1484 580 1523 omnibus
604 1484 791 1534 querelis,
819 1484 941 1523 sicuti
967 1498 1152 1534 unquam
1175 1485 1326 1523 melius
1351 1485 1432 1524 fuit
1458 1485 1502 1524 in
1522 1487 1706 1535 tempore
1726 1487 1856 1536 patris
1876 1487 1969 1526 mei.
2026 1488 2080 1526 Et
2099 1487 2171 1527 illa
2189 1489 2300 1526 terra

384 1538 565 1587 predicta
592 1538 646 1576 sit
676 1538 719 1576 in
747 1541 819 1577 tua
846 1551 974 1577 manu
1002 1540 1042 1577 et
1068 1552 1159 1577 eam
1185 1539 1393 1577 custodias
1419 1539 1477 1578 sic
1505 1553 1557 1577 ne
1582 1540 1732 1590 aliquis
1758 1541 1803 1579 in
1825 1554 1916 1580 eam
1942 1541 2138 1580 iniuriam
2163 1542 2297 1581 faciat.

385 1591 576 1631 Testibus
593 1592 773 1642 Hugone
792 1593 942 1631 comite
962 1593 1249 1642 Salopesberie‚
1274 1595 1314 1631 et
1335 1593 1513 1632 Roberto
1533 1594 1618 1632 filio
1638 1594 1870 1634 Haimonis.
1926 1595 2083 1634 Valete.

431 1661 575 1706 [P.R.O.
592 1662 732 1698 Record
749 1662 993 1698 Commission
1010 1662 1258 1708 Transcripts,
1279 1663 1399 1699 Series
1417 1663 1464 1706 ΙΙ,
1486 1664 1553 1699 140
1568 1663 1595 1697 B
1618 1664 1714 1710 (Vol.
1737 1665 1821 1711 ΙΙΙ),
1840 1677 1875 1710 p.
1896 1664 1992 1710 325]

1283 1762 1403 1802 LXX

404 1833 525 1877 King
552 1834 751 1871 William
779 1832 817 1881 (Ι
847 1844 898 1871 or
927 1831 993 1884 ΙΙ)
1020 1835 1068 1870 in
1095 1836 1253 1871 favour
1281 1837 1330 1871 of
1353 1836 1674 1873 westminster
1702 1837 1874 1882 Abbey‚
1904 1837 2177 1882 concerning
2204 1839 2283 1874 the

865 1888 950 1933 gift
979 1890 1027 1925 of
1050 1891 1220 1926 Robert
1249 1890 1324 1926 fitz
1354 1890 1551 1927 Wimarc
1580 1887 1815 1939 (1078—99).

434 1960 502 1999 W.
535 1962 611 2000 Dei
645 1962 776 2012 gratia
806 1975 875 2001 rex
904 1962 1140 2013 Anglorum
1175 1965 1219 2003 Ο.
1250 1965 1437 2014 episcopo
1466 1967 1508 2003 et
1536 1965 1582 2003 Ο.
1612 1965 1846 2003 vicecomiti
1873 1965 2061 2004 salutem.
2120 1965 2226 2005 Volo
2255 1970 2302 2005 ut

381 2014 521 2053 sciatis
548 2029 622 2054 vos
649 2018 690 2054 et
718 2017 840 2054 ceteri
868 2016 1009 2055 fideles
1032 2017 1113 2056 mei
1134 2018 1242 2067 quod
1263 2031 1337 2068 ego
1357 2019 1534 2057 concedo
1555 2021 1600 2057 ut
1620 2019 1789 2057 ecclesia
1815 2019 1955 2058 Sancti
1978 2019 2093 2058 Petri
2122 2019 2301 2059 VVestm’

382 2064 529 2108 habeat
557 2072 712 2108 terram
740 2083 856 2108 suam
886 2071 1021 2120 quiete
1049 2074 1091 2110 et
1119 2072 1343 2111 honorifice
1371 2086 1464 2111 cum
1493 2086 1584 2112 saca
1617 2075 1657 2111 et
1689 2086 1825 2121 socna,
1860 2087 1952 2112 eam
1985 2074 2143 2113 scilicet
2176 2087 2299 2125 quam

383 2122 588 2162 Robertus
606 2124 717 2162 filius
736 2124 924 2164 Wimarc
944 2125 1023 2163 sibi
1043 2126 1230 2164 contulit.
1290 2127 1414 2177 Apud
1436 2127 1660 2166 Cricklade.

427 2191 708 2238 [Westminster
722 2194 861 2240 Abbey,
877 2197 886 2214 ⁴
898 2195 1131 2241 Domesday,’
1147 2196 1196 2231 fo.
1214 2196 1281 2231 679
1298 2196 1365 2241 v0.]

1274 2294 1419 2333 LXXI

522 2365 720 2401 William
748 2366 798 2401 11
827 2366 875 2402 in
904 2367 1063 2403 favour
1093 2368 1141 2403 of
1165 2367 1241 2404 the
1269 2368 1391 2412 Holy
1420 2367 1616 2413 Trinity,
1647 2369 1932 2413 Canterbury
1959 2365 2195 2416 (1087-99).

434 2439 503 2478 W.
540 2453 610 2478 rex
647 2440 772 2490 Angl'
806 2441 999 2480 omnibus
1037 2441 1350 2480 vicecomitibus
1388 2444 1428 2480 et
1466 2442 1686 2491 prepositis
1723 2443 1913 2493 Anglicis
1949 2445 1992 2481 et
2029 2443 2297 2493 Francigenis

382 2492 628 2543 ubicumque
649 2495 843 2532 monachi
863 2496 1032 2534 ecclesie
1052 2495 1362 2535 Oantuariensis
1384 2498 1514 2534 terras
1533 2497 1685 2535 habent
1713 2497 1900 2535 salutem.
1958 2497 2062 2536 Volo
2087 2499 2135 2536 ut
2160 2498 2300 2538 sciatis

382 2561 448 2585 me
468 2548 712 2586 concessisse
727 2549 881 2588 eisdem
901 2550 1115 2589 monachis
1130 2563 1275 2588 omnes
1297 2553 1426 2588 terras
1440 2553 1482 2588 et
1496 2563 1560 2588 res
1579 2563 1683 2598 suas,
1701 2553 1740 2589 et
1761 2551 1939 2601 precipio
1959 2553 2006 2589 ut
2025 2552 2106 2601 ipsi
2125 2552 2301 2590 firmiter

382 2603 550 2640 teneant
569 2604 610 2640 et
632 2602 858 2641 honorifice
876 2603 1066 2642 habeant.
1124 2604 1179 2642 Et
1199 2604 1372 2642 defendo
1391 2618 1444 2642 ne
1468 2604 1619 2654 aliquis
1643 2605 1702 2643 eis
1729 2605 1927 2643 iniuriam
1954 2606 2020 2643 vel
2048 2605 2298 2645 iniusticiam

382 2655 513 2703 faciat,
546 2656 595 2694 de
629 2657 823 2695 omnibus
851 2657 937 2696 illis
965 2658 1086 2696 rebus
1114 2659 1205 2696 dico
1234 2671 1314 2707 que
1342 2658 1392 2696 ad
1421 2659 1647 2697 monachos
1674 2659 1856 2698 eiusdem
1883 2659 2047 2697 ecclesie
2075 2660 2296 2709 pertinent.

382 2709 486 2747 Volo
506 2712 685 2758 preterea
704 2713 744 2748 et
763 2712 941 2761 precipio
961 2714 1007 2751 ut
1027 2712 1198 2762 predicti
1218 2712 1409 2750 monachi
1434 2715 1680 2762 potestatem
1708 2713 1885 2752 habeant
1911 2715 2041 2752 terras
2060 2726 2156 2752 suas
2175 2715 2300 2753 dandi

381 2765 422 2801 et
441 2764 617 2802 tollendi
636 2765 884 2815 ubicumque
903 2767 962 2804 eis
981 2766 1131 2804 melius
1150 2767 1288 2805 visum
1307 2766 1442 2812 fuerit,
1469 2767 1715 2817 quicumque
1738 2780 1805 2805 eas
1831 2769 1981 2805 teneat.
2039 2768 2094 2806 Et
2119 2769 2299 2818 precipio

383 2818 428 2855 ut
446 2817 634 2856 homines
653 2819 838 2857 eiusdem
853 2820 1018 2858 ecclesie
1037 2820 1230 2869 predictis
1246 2820 1458 2858 monachis
1473 2821 1630 2859 subditi
1644 2821 1729 2859 sint
1744 2823 1785 2859 et
1804 2821 1974 2860 subiecti
1989 2823 2029 2860 et
2044 2822 2089 2860 in
2104 2822 2300 2860 omnibus

383 2871 629 2910 obedientes.
690 2873 881 2912 Testibus
908 2874 1085 2912 Ranulfo
1111 2874 1320 2923 capellano
1346 2876 1387 2913 et
1410 2875 1597 2913 Hamone
1618 2875 1803 2924 dapifero
1822 2877 1863 2914 et
1882 2876 2042 2914 Vrsone
2061 2875 2112 2914 de
2130 2876 2295 2916 Abetot.

382 2926 506 2974 Apud
527 2926 800 2965 Bramtonam
820 2927 864 2965 in
884 2928 949 2966 die
968 2928 1265 2978 Apostolorum
1286 2928 1472 2978 Philippi
1492 2931 1532 2967 et
1551 2930 1579 2968 J
1581 2929 1704 2968 acobi.

430 2993 624 3039 [OriginaL
646 2995 810 3040 Chapter
826 2995 991 3041 Library‚
1010 2996 1255 3042 Canterbury,
1274 2995 1312 3031 C.
1333 2996 1402 3043 11.]

1256 3093 1425 3132 LXXII

456 3163 654 3200 William
684 3165 732 3199 II
761 3165 808 3200 in
837 3166 997 3202 favour
1025 3167 1074 3202 of
1099 3167 1310 3256 'I'hlorngy
1338 3167 1818 3270 Αἲξωγᾈῗοηοωηίῑις
1846 3170 2139 3205 assessments
2167 3169 2239 3206 for

1105 3230 1159 3264 ge
1178 3222 1221 3265 d,
1291 3230 1328 3257 0.
1407 3222 1511 3258 093—
1560 3249 1568 3257 .

435 3288 677 3330 Willelmus
696 3305 767 3330 rex
787 3294 1022 3344 Anglorum
1042 3295 1089 3333 R.
1112 3295 1298 3345 episcopo
1322 3296 1363 3332 et
1388 3295 1490 3333 Ran’
1511 3294 1718 3344 capellano
1745 3296 1786 3333 et
1812 3294 1867 3334 H.
1888 3295 2068 3345 dapifero
2095 3298 2136 3334 et
2155 3296 2227 3334 Vr’
2246 3296 2296 3334 de

383 3342 537 3382 Abetot
563 3346 748 3385 salutem.
807 3348 994 3398 Precipio
1020 3349 1138 3388 vobis
1167 3351 1214 3387 ut
1242 3348 1301 3387 ita
1329 3348 1431 3387 bene
1458 3349 1758 3387 admensuretis
1780 3349 1986 3388 abbatiam
2006 3350 2055 3388 de
2075 3350 2228 3388 Thorn’
2247 3350 2296 3388 de

383 3395 516 3443 geldis
529 3400 569 3436 et
581 3400 701 3438 scotis
712 3402 753 3438 et
765 3401 938 3440 seruicio
950 3403 1134 3441 militurn
1148 3405 1188 3441 et
1205 3403 1254 3440 de
1270 3403 1464 3441 omnibus
1477 3402 1844 3441 consuetudinibus
1855 3403 1960 3442 sicut
1972 3404 2121 3443 melius
2134 3404 2298 3442 admen-

385 3453 547 3489 suratus
566 3455 627 3490 est
645 3453 793 3502 aliquis
812 3455 945 3494 honor
964 3457 1007 3494 in
1029 3459 1115 3495 tota
1133 3457 1288 3507 Anglia
1307 3457 1379 3506 qui
1401 3457 1647 3495 tantundem
1673 3459 1779 3495 terre
1803 3457 1926 3495 habet
1952 3459 2152 3507 quantum
2171 3458 2234 3496 est
2252 3457 2295 3495 in
