2423 3749
133 168 210 210 128

134 545 320 582 Calendar

132 592 201 628 No.
220 592 298 627 245.

130 1046 314 1083 Calendar

129 1093 196 1130 No.
215 1093 294 1129 282.

129 1546 316 1584 Calendar

127 1594 195 1631 No.
214 1594 293 1630 229.

128 2044 312 2080 Calendar

127 2090 194 2127 No.
214 2091 293 2127 233.

1011 160 1325 204 CHARTERS
1367 161 1442 201 OF
1486 161 1753 202 WILLIAM
1799 162 1821 202 I

435 278 604 317 forestel
631 280 671 314 et
700 263 965 314 hanisocnam
992 276 1033 311 et
1061 273 1417 312 flemenefremthe
1444 275 1485 311 et
1515 274 1734 312 murdrum
1761 275 1804 312 in
1825 275 1938 312 festis
1958 278 1998 313 et
2017 278 2130 314 extra
2149 277 2239 316 fest'
2259 290 2351 315 eum

434 332 524 371 aliis
545 328 911 369 consuetudinibus
931 340 1031 376 quas
1051 326 1286 365 habuerunt
1304 329 1487 376 tempore
1507 327 1615 376 regis
1636 328 1851 366 Eadwardi
1871 329 1915 366 T.
1935 329 2027 367 Vrs’
2047 331 2095 367 de
2116 330 2279 369 Abetot.

482 393 626 441 [PRO.
645 393 776 427 Cartae
796 390 980 434 Antiquae
996 390 1017 423 4
1038 389 1123 433 (11).
1175 390 1312 425 Cotton
1332 389 1405 424 MS.
1426 389 1604 425 Vitellius
1624 391 1665 425 A.
1683 390 1786 432 XIII,
1806 391 1854 425 fo.
1875 391 1919 425 53
1938 392 2003 437 v0.]

1302 471 1493 510 XXXIV

815 541 1014 577 William
1035 541 1058 576 Ι
1079 544 1126 577 to
1146 543 1223 578 the
1242 543 1403 586 Abbey
1425 543 1473 578 of
1489 543 1711 579 Evesham
1730 541 1962 590 (1066—87).

484 611 726 649 Willelmus
747 622 816 647 rex
836 609 988 659 Anglie
1003 609 1200 647 Wlstano
1221 609 1410 659 episcopo
1428 612 1469 648 et
1489 611 1643 649 Vrsoni
1658 611 1707 649 de
1721 611 1873 649 Abetot
1889 613 1930 649 et
1946 612 2140 650 omnibus
2160 613 2350 652 fidelibus

428 665 514 703 suis
534 665 583 702 de
606 662 954 701 Wiricestrescire
982 663 1230 711 francigenis
1254 665 1295 701 et
1323 664 1493 713 anglicis
1521 664 1712 703 salutern.
1772 665 1920 703 Sciatis
1947 666 2052 715 quod
2076 679 2151 716 ego
2171 667 2348 705 concedo

429 722 475 757 ut
495 722 603 756 terra
623 718 670 756 de
691 717 812 764 Lenc,
838 730 963 766 quam
985 730 1058 766 ego
1078 717 1238 755 reddidi
1257 717 1344 755 Deo
1363 720 1404 756 et
1419 718 1584 756 ecclesie
1600 718 1649 756 de
1665 719 1874 757 Euesham
1889 720 1939 758 ad
1955 733 2141 758 mensam
2157 720 2346 767 fratrum,

429 772 483 810 sit
502 772 633 810 libera
651 771 703 809 ab
724 771 840 809 omni
858 771 977 820 geldo
996 774 1036 809 et
1057 771 1107 809 de
1126 784 1244 820 opere
1266 772 1423 810 castelli
1442 775 1483 810 et
1503 772 1552 810 de
1573 773 1767 811 omnibus
1786 774 2168 813 consuetudinibus.
2228 775 2348 813 Teste
2399 787 2404 793 ⁷

428 827 590 864 Vrsone
609 825 802 875 predicto.

474 889 624 934 [Cotton
642 887 720 924 MS,
737 889 848 933 Vesp.
869 887 908 922 B.
927 887 1050 922 XXIV
1070 888 1257 933 (Register
1274 888 1316 923 of
1330 888 1511 924 Evesham
1530 889 1687 934 Abbey),
1708 890 1757 924 fo.
1779 889 1851 935 18.]

1313 971 1482 1010 XXXV

786 1043 986 1078 William
1005 1043 1028 1078 Ι
1047 1043 1095 1077 in
1115 1043 1276 1079 favour
1299 1045 1348 1079 of
1363 1045 1585 1080 Evesham
1606 1045 1767 1089 Abbey
1788 1043 1995 1092 (1080-7).

479 1111 548 1150 W.
570 1125 641 1150 rex
657 1111 810 1161 Anglie
828 1111 1019 1149 Wlstano
1034 1111 1222 1161 episcopo
1238 1114 1277 1150 et
1292 1112 1445 1151 Vrsoni
1460 1113 1509 1151 de
1524 1112 1677 1151 Abetot
1692 1115 1733 1150 et
1749 1110 1969 1165 Os[bern0]
1988 1113 2075 1150 filio
2091 1110 2290 1165 Ri[cardi]
2306 1116 2348 1152 et

425 1166 622 1205 omnibus
643 1165 866 1204 baronibus
885 1167 926 1203 et
945 1165 1136 1203 fidelibus
1155 1166 1240 1204 suis
1261 1166 1310 1204 de
1329 1166 1570 1205 Wiricestre
1596 1167 1701 1204 scire
1720 1167 1966 1217 francigenis
1989 1169 2031 1205 et
2051 1167 2225 1217 anglicis
2243 1167 2346 1206 salu-

424 1223 522 1259 tem.
576 1220 727 1258 Sciatis
743 1219 848 1269 quod
871 1232 946 1268 ego
961 1219 1056 1257 volo
1071 1221 1111 1257 et
1127 1220 1303 1258 concedo
1323 1222 1370 1258 ut
1388 1222 1496 1259 terra
1512 1221 1561 1259 de
1577 1221 1686 1259 Lenc
1702 1234 1825 1271 quam
1846 1234 1920 1270 ego
1940 1221 2100 1259 reddidi
2121 1234 2194 1270 pro
2208 1221 2346 1260 anima

424 1288 515 1313 mea
537 1274 623 1312 Deo
642 1277 684 1312 et
704 1273 871 1312 ecclesie
891 1273 941 1311 de
961 1273 1170 1311 Euesham
1190 1274 1239 1312 ad
1260 1287 1450 1313 mensam
1469 1275 1646 1313 fratrum
1667 1275 1722 1313 sit
1742 1275 1871 1314 libera
1890 1275 1942 1314 ab
1963 1275 2077 1314 omni
2096 1275 2214 1324 geldo
2235 1277 2275 1314 et
2295 1276 2344 1313 de

423 1342 542 1378 opere
564 1328 722 1366 castelli
743 1329 783 1366 et
804 1327 852 1365 de
873 1327 1067 1365 omnibus
1086 1328 1464 1367 consuetudinibus.
1525 1329 1646 1367 Teste
1661 1328 1878 1367 Willelmo
1893 1329 2081 1379 episcopo
2101 1330 2150 1368 de
2170 1329 2315 1368 Durh'.

470 1391 623 1437 [Cotton
642 1391 717 1426 MS.
736 1391 845 1436 Vesp.
867 1390 909 1425 B.
926 1390 1048 1425 XXIV
1067 1390 1252 1437 (Register
1269 1392 1312 1427 of
1327 1391 1509 1428 Evesham
1528 1392 1685 1438 Abbey),
1708 1393 1755 1428 fo.
1777 1392 1850 1438 18.]

1294 1474 1485 1513 XXXVI

454 1542 598 1577 Grant
618 1542 680 1585 by
694 1540 894 1575 William
913 1540 951 1584 Ι,
969 1542 1017 1576 to
1040 1540 1103 1577 St.
1123 1541 1303 1576 Amand.
1323 1541 1372 1576 of
1387 1542 1560 1585 Rouen,
1581 1542 1631 1577 of
1647 1550 1673 1576 a
1692 1542 1869 1577 market
1888 1543 1934 1578 at
1953 1542 2095 1578 Saane
2115 1540 2321 1589 (1080-6).

480 1609 567 1659 Ego
605 1608 848 1647 Willelmus
881 1621 951 1646 rex
983 1607 1221 1657 Anglorum
1254 1609 1432 1647 concedo
1466 1610 1616 1648 Sancto
1654 1609 1848 1648 Amando
1885 1611 1925 1648 et
1964 1609 2348 1648 sanctimonialibus

425 1676 557 1702 unum
586 1664 816 1701 mercatum
847 1662 891 1699 in
920 1662 1081 1700 Sedana
1112 1662 1155 1699 in
1190 1675 1432 1712 unaquaque
1466 1663 1703 1711 ebdomada,
1740 1664 1806 1701 die
1837 1663 2055 1703 dominica.
2121 1664 2262 1703 Huius
2290 1665 2349 1702 rei

425 1719 668 1810 Ξεξζὲῗίἓὲιέἰ
689 1716 912 1755 Mauricius
934 1715 1212 1765 cancellarius,
1243 1717 1320 1755 Ivo
1346 1717 1583 1766 Taillebosc,
1614 1718 1733 1756 Eudo
1759 1718 1938 1768 Dapifer,
1968 1718 2198 1757 Reinoldus
2224 1718 2350 1756 frater

474 1836 528 1882 [P.
543 1835 582 1869 R.
596 1835 637 1870 Ο.
656 1835 798 1870 Record
817 1833 1058 1869 Commission
1075 1834 1322 1880 Transcripts,
1342 1834 1460 1870 Series
1479 1835 1524 1877 II,
1541 1836 1622 1870 Vol.
1645 1836 1713 1871 140
1723 1835 1763 1878 A,
1784 1835 1851 1871 No.
1870 1835 1912 1870 16
1930 1835 2042 1879 (from
2060 1847 2082 1871 a
2100 1835 2292 1881 cartulary
2309 1836 2348 1871 of

568 1881 620 1917 St.
639 1881 802 1926 Amand)
818 1895 826 1922 ;
852 1881 994 1922 Round,
1016 1882 1052 1916 C.
1068 1883 1114 1916 D.
1128 1883 1169 1916 F.
1190 1881 1256 1923 923
1282 1882 1538 1927 Pommeraye‚
1557 1884 1608 1919 St.
1627 1885 1787 1926 Amand,
1805 1895 1842 1928 p.
1862 1882 1936 1927 81.]

1281 1963 1495 2002 XXXVII

426 2034 462 2084 (Ρ
477 2033 712 2083 spurious)
728 2036 916 2072 Charter
931 2036 979 2070 of
992 2034 1191 2071 William
1207 2035 1230 2069 I
1251 2035 1299 2070 in
1313 2036 1472 2072 favour
1487 2037 1537 2072 of
1552 2037 1867 2073 westminster
1882 2038 2057 2082 Abbey,
2076 2037 2347 2081 concerning

914 2090 991 2125 the
1012 2098 1170 2125 manor
1189 2090 1239 2125 of
1257 2090 1430 2126 Staines
1450 2087 1560 2137 (Dec.
1586 2092 1647 2136 25,
1676 2090 1860 2138 1080-6).

482 2151 722 2190 Willelmus
742 2166 813 2191 rex
831 2152 1067 2202 Anglorum
1086 2152 1286 2201 episcopis
1311 2152 1528 2191 abbatibus
1548 2153 1769 2191 comitibus
1796 2153 2018 2192 baronibus
2036 2153 2347 2193 vicecomitibus
2420 2189 2421 2202 ,

427 2219 472 2244 ac
500 2206 694 2244 omnibus
722 2206 916 2245 fidelibus
940 2207 981 2244 et
1008 2204 1213 2244 ministris
1241 2206 1328 2245 suis
1357 2207 1526 2245 Francis
1554 2208 1595 2245 et
1621 2207 1773 2256 Anglis
1801 2207 1846 2245 in
1874 2207 2126 2246 Middelsexa
2154 2207 2341 2247 salutem.

428 2259 578 2299 Sciatis
599 2274 666 2298 me
690 2260 936 2299 concessisse
964 2260 1050 2298 Deo
1077 2262 1119 2298 et
1146 2261 1297 2299 Sancto
1326 2260 1450 2299 Petro
1478 2260 1842 2300 Westmonasterii
1869 2263 1909 2300 et
1937 2262 2135 2300 fratribus
2162 2261 2346 2301 eiusdem

426 2313 507 2352 loci
526 2314 577 2352 ad
598 2314 772 2353 victuale
800 2314 1036 2354 subsidium
1066 2314 1298 2352 manerium
1326 2316 1433 2364 quod
1463 2315 1592 2354 Stana
1620 2316 1870 2364 nominatur,
1894 2329 1989 2354 cum
2019 2315 2211 2354 omnibus
2234 2316 2345 2354 terri·

426 2368 544 2406 toriis
563 2370 604 2407 et
623 2369 838 2407 beruwicis
857 2370 897 2407 et
920 2368 1175 2419 appendiciis
1203 2369 1290 2407 suis
1315 2371 1355 2407 et
1379 2369 1576 2408 omnibus
1594 2370 1728 2417 rebus,
1751 2369 1904 2408 scilicet
1927 2383 2021 2408 cum
2039 2369 2230 2418 ecclesiis,
2253 2383 2346 2409 cum

426 2424 547 2460 terris
576 2423 700 2461 cultis
728 2425 768 2461 et
798 2423 978 2472 incultis,
1006 2423 1186 2462 exitibus
1220 2425 1342 2472 atque
1370 2423 1611 2471 redditibus,
1642 2424 1722 2462 viis
1750 2426 1791 2462 et
1819 2423 1956 2472 inuiis,
1987 2424 2107 2462 siluis
2140 2423 2347 2473 segetibus

425 2476 555 2526 pratis
599 2478 761 2526 pascuis
806 2477 923 2527 aquis
965 2490 1217 2527 aquarumue
1264 2477 1500 2516 decursibus
1547 2477 1767 2527 paludibus
1812 2478 2116 2528 piscacionibus
2160 2478 2347 2528 piscariis

426 2530 686 2579 molendinis,
722 2531 767 2569 in
795 2532 942 2581 plateis
970 2534 1010 2570 et
1039 2534 1154 2570 extra
1186 2531 1351 2580 plateas,
1383 2533 1424 2570 et
1452 2544 1548 2570 cum
1586 2545 1675 2570 saca
1708 2534 1747 2570 et
1774 2545 1898 2570 socna
1926 2533 1967 2570 et
1993 2531 2070 2571 toll
2096 2533 2137 2570 et
2164 2533 2273 2571 team
2306 2535 2347 2571 et

426 2584 585 2623 latrone
613 2587 654 2623 et
681 2586 902 2624 emissione
935 2588 974 2624 et
1002 2586 1225 2624 hamsocna
1252 2587 1292 2624 et
1318 2585 1509 2624 foresteal
1536 2588 1577 2624 et
1605 2586 1716 2635 pacis
1752 2586 1930 2624 fractura
1957 2588 1998 2625 et
2025 2586 2345 2625 flemenefirmth

426 2640 468 2676 et
494 2639 789 2690 miskenninga
813 2642 853 2678 et
877 2653 971 2678 cum
995 2640 1188 2678 omnibus
1211 2639 1371 2688 legibus
1398 2642 1440 2678 et
1466 2640 1833 2679 consuetudinibus
1855 2653 1934 2690 que
1960 2639 2010 2678 ad
2033 2653 2100 2678 me
2123 2640 2342 2690 pertinent,

427 2692 486 2731 sic
505 2693 662 2732 solutas
681 2695 722 2732 et
741 2693 899 2744 quietas
918 2696 960 2732 et
977 2694 1028 2733 ab
1048 2694 1163 2733 omni
1182 2693 1473 2743 cuiuscumque
1496 2694 1721 2733 exactionis
1747 2694 2030 2744 inquietudine
2049 2696 2091 2733 et
2110 2694 2162 2732 ab
2179 2694 2345 2744 angaria

426 2746 790 2797 qualiumcumque
818 2761 1033 2786 causarum
1059 2749 1106 2786 in
1131 2747 1231 2786 urbe
1255 2749 1297 2785 et
1322 2750 1446 2795 extra,
1468 2748 1514 2786 in
1533 2748 1601 2787 via
1620 2750 1661 2786 et
1680 2751 1805 2796 extra,
1827 2749 1873 2786 in
1895 2749 1999 2787 festo
2019 2750 2060 2787 et
2078 2750 2204 2797 extra,
2227 2750 2267 2787 et
2286 2748 2344 2786 sic

426 2800 576 2840 liberas
594 2802 701 2840 sicut
720 2815 793 2840 rex
812 2802 1042 2841 Edwardus
1057 2801 1171 2840 dedit
1184 2801 1366 2851 predicto
1382 2802 1531 2841 Sancto
1550 2804 1593 2840 et
1610 2815 1684 2852 per
1697 2804 1829 2841 cartas
1843 2802 2054 2852 priuilegii
2067 2802 2132 2840 sui
2147 2802 2343 2841 concessit

427 2856 549 2904 atque
578 2856 851 2895 confirmauit.
911 2857 968 2895 Et
995 2856 1146 2894 melius
1175 2857 1216 2894 et
1245 2855 1408 2894 firmius
1435 2869 1525 2894 mee
1554 2857 1880 2895 confirmacionis
1908 2857 2016 2895 dono
2044 2869 2156 2894 nunc
2180 2856 2338 2894 habeat.

427 2908 614 2958 Precipio
639 2911 766 2948 etiam
785 2912 832 2948 ut
850 2912 958 2948 terre
978 2912 1017 2949 et
1036 2910 1227 2948 homines
1246 2910 1330 2948 sint
1349 2909 1469 2948 liberi
1487 2910 1539 2948 ab
1561 2910 1675 2948 omni
1697 2924 1816 2960 opere
1839 2910 1996 2948 castelli
2015 2912 2056 2948 et
2076 2910 2128 2948 ab
2148 2909 2343 2949 omnibus

426 2962 590 3012 placitis
614 2966 655 3002 et
684 2964 862 3014 querelis
890 2966 931 3002 et
959 2963 1324 3002 consuetudinibus
1351 2966 1392 3002 et
1424 2964 1742 3003 difficultatibus.
1815 2965 1870 3002 Et
1898 2964 2071 3002 defendo
2098 2966 2140 3002 et
2167 2964 2342 3002 firmiter

425 3016 622 3065 prohibeo
653 3018 761 3068 quod
793 3031 916 3057 nemo
949 3018 1240 3057 vicecomitum
1268 3020 1579 3067 procuratorum
1611 3020 1849 3056 exactorum
1876 3019 1944 3057 vel
1969 3018 2255 3057 ministrorum
2283 3019 2342 3056 eis

427 3070 622 3110 indecens
642 3072 708 3111 vel
732 3072 935 3111 molestus
960 3074 1031 3111 aut
1057 3072 1234 3110 infestus
1256 3072 1309 3110 sit
1331 3072 1417 3110 ullo
1439 3074 1621 3122 tempore
1647 3074 1718 3111 aut
1745 3072 1831 3110 ullo
1856 3072 1980 3110 modo
2000 3085 2042 3110 se
2062 3072 2340 3110 intromittere

428 3124 574 3163 audeat
591 3125 636 3164 in
657 3128 766 3164 terra
785 3126 873 3164 siue
891 3126 936 3164 in
955 3139 1059 3176 aqua
1077 3138 1148 3175 per
1166 3125 1295 3163 ullam
1314 3126 1569 3165 occasionem
1589 3126 1670 3164 nisi
1689 3125 1813 3164 abbas
1831 3128 1873 3164 et
1891 3126 2084 3164 monachi
2101 3126 2151 3164 ad
2172 3138 2339 3164 omnem

425 3178 651 3218 utilitatem
664 3193 742 3229 que
754 3180 849 3219 inde
861 3180 1010 3230 poterit
1023 3179 1271 3218 monasterio
1284 3180 1399 3218 omni
1411 3182 1594 3230 tempore
1606 3180 1831 3230 peruenire.
1874 3180 2065 3218 Testibus
2079 3179 2339 3218 Walchelino

425 3230 616 3271 Winton’
648 3235 847 3284 episcopo,
885 3233 1104 3273 Willelmo
1141 3233 1336 3272 Dunelm'
1372 3234 1572 3284 episcopo,
1611 3233 1865 3283 Gundulpho
1902 3233 2100 3272 Hrofensi
2136 3234 2336 3283 episcopo,

424 3284 621 3325 Mauricio
649 3288 901 3337 cancellario,
933 3288 1114 3326 Roberto
1147 3287 1294 3326 comite
1329 3287 1378 3325 de
1412 3288 1594 3335 Mellent‚
1624 3287 1762 3325 Alano
1790 3289 1948 3333 comite,
1980 3287 2159 3337 Hugone
2192 3287 2339 3326 comite

425 3340 588 3388 Cestrie‚
612 3341 820 3380 Haimone
847 3342 1041 3392 dapifero,
1065 3342 1239 3391 Rogerio
1267 3341 1413 3391 Bigod‚
1445 3342 1655 3380 Rodberto
1684 3342 1735 3379 de
1764 3342 1901 3390 Oleyo,
1925 3342 2072 3380 Yuone
2100 3340 2338 3380 Taillebosc’

424 3394 465 3430 et
483 3394 630 3433 multis
648 3396 751 3434 aliis.
808 3397 932 3446 Apud
952 3395 1385 3435 Westmonasterium.
1447 3396 1501 3434 In
1520 3395 1660 3434 Natali
1679 3395 1859 3435 Domini.

471 3457 750 3502 [Westminster
766 3460 907 3505 Abbey,
927 3463 934 3477 ‘
949 3460 1181 3505 Domesday‚’
1199 3459 1246 3494 fo.
1264 3459 1359 3505 129]
