2423 3749
870 193 1062 234 APPEN
1069 193 1174 235 DIX

88 295 319 336 vicecomiti
338 294 610 342 omnibusque
634 294 836 332 ministris
857 296 898 331 et
919 295 1108 334 fidelibus
1131 297 1217 334 suis
1237 296 1403 335 Francis
1421 298 1462 335 et
1482 297 1632 346 Anglis
1651 297 1693 334 in
1713 297 1992 335 Middelsexan

89 350 275 389 salutem.
334 347 481 388 Sciatis
508 347 604 396 quia
631 347 724 385 volo
744 350 785 384 et
813 348 987 386 firmiter
1015 350 1193 398 precipio
1222 351 1328 399 quod
1354 351 1526 389 Sanctus
1552 352 1702 389 Petrus
1730 353 1772 388 61
1799 351 1994 389 monachi

89 402 445 443 Westmonasterii
482 401 532 439 ad
566 400 795 438 subsidium
830 401 1007 440 victuale
1040 403 1218 441 habeant
1251 406 1402 442 terram
1440 418 1518 454 que
1555 404 1791 443 Cealchithe
1811 405 1990 451 vocatur,

89 470 183 496 cum
197 456 326 503 silvis,
344 457 386 494 et
401 454 569 503 campis,
587 467 681 506 cum
703 454 828 503 pratis
847 457 887 492 et
906 456 1066 504 pascuis
1085 458 1232 494 etcum
1252 459 1443 496 omnibus
1458 458 1536 495 sibi
1557 458 1661 496 iuste
1681 458 1993 508 pertinentibus

90 524 182 550 cum
202 523 293 548 saca
311 511 352 548 et
372 521 494 547 socna
513 509 553 546 et
571 507 649 545 toll
669 510 709 545 et
729 510 849 555 team,
872 522 965 546 cum
988 509 1146 547 latrone
1171 512 1212 547 et
1237 511 1458 549 emissione
1484 513 1525 549 et
1549 525 1642 550 cum
1663 512 1855 550 omnibus
1874 511 1995 549 rebus

89 567 129 603 et
158 562 524 602 consuetudinibus
552 563 593 598 et
621 560 790 610 legibus,
823 564 910 599 tam
939 562 1042 599 bene
1070 564 1111 600 et
1139 565 1226 601 tam
1254 564 1374 612 plene
1402 565 1523 602 sicuti
1554 578 1747 615 umquam
1776 565 1926 603 melius
1955 567 1995 602 et

89 618 259 657 liberius
278 617 508 655 Turstanus
528 614 745 653 huscarlus
765 615 959 653 Edwardi
979 615 1085 664 regis
1105 617 1267 665 cognati
1287 618 1368 655 mei
1392 619 1440 655 de
1459 618 1600 656 eodem
1620 632 1713 667 rege
1732 619 1774 656 in
1795 619 1993 656 allodium

90 672 214 710 libere
233 670 379 718 tenuit,
403 671 444 707 et
467 669 555 718 ipse
581 668 684 706 illud
706 668 887 718 predicto
906 672 1046 707 sancto
1075 670 1161 707 loco
1187 670 1353 708 donavit
1377 673 1417 709 et
1441 672 1623 718 subiecit,
1646 673 1993 722 quemadmodum

89 725 340 776 proscriptus
358 723 560 773 gloriosus
581 735 653 759 rex
680 722 858 771 pleniter
884 723 1081 760 concessit
1108 725 1148 760 et
1172 737 1244 772 per
1263 726 1394 762 cartas
1414 724 1618 773 privilegii
1638 727 1700 764 sui
1722 726 1994 764 corroboravit

88 781 208 828 atque
240 777 511 816 confirmavit.
582 775 704 814 Unde
737 776 912 813 concedo
944 778 985 813 et
1021 777 1259 814 inconvulse
1293 778 1454 815 stabilio
1488 780 1535 815 ut
1567 779 1669 816 bene
1705 782 1745 817 et
1782 779 1916 828 quiete
1953 780 1994 816 et

89 832 309 871 honorifice
345 833 386 869 et
421 831 550 868 libere
587 832 629 868 et
666 830 818 879 absque
856 831 970 867 omni
1007 830 1241 879 calumpnia
1283 833 1323 868 et
1364 831 1647 880 inquietudine
1690 835 1866 870 teneant.
1939 832 1995 870 Et

87 886 259 925 defendo
287 887 328 923 et
355 884 552 934 prohibeo
580 896 704 933 super
732 897 758 921 x
787 883 912 921 libras
939 883 1194 921 forisfacture
1222 885 1269 921 ut
1297 884 1436 921 nullus
1465 884 1557 922 inde
1591 886 1747 924 auferat
1776 888 1846 924 aut
1875 885 1995 923 tollat

87 953 213 978 unam
232 951 369 978 acram
387 940 460 976 aut
479 938 529 976 de
551 937 656 976 silva
677 939 749 976 aut
775 937 824 974 de
851 950 1017 986 campo;
1046 950 1177 986 neque
1205 937 1354 986 aliquis
1383 938 1440 975 eis
1469 938 1553 976 ulla
1582 952 1762 987 unquam
1789 939 1994 977 occasione

89 993 284 1032 iniuriam
310 992 377 1031 vel
405 994 607 1030 torturam
638 991 735 1029 inde
763 991 893 1039 faciat,
916 1003 1048 1040 neque
1077 1003 1144 1028 eos
1172 991 1216 1028 in
1244 991 1381 1040 aliquo
1409 991 1622 1029 molestare
1652 993 1736 1031 sive
1770 993 1997 1030 disturbare

86 1049 305 1098 presumat,
320 1048 391 1085 aut
410 1046 497 1084 ullo
517 1046 640 1084 modo
659 1059 702 1084 se
721 1045 1001 1082 intromittere
1024 1043 1108 1082 ullo
1125 1046 1309 1093 tempore
1332 1044 1477 1082 audeat
1503 1045 1583 1082 nisi
1606 1046 1728 1083 abbas
1749 1048 1788 1083 et
1807 1046 1996 1083 monachi

87 1102 137 1140 ad
168 1101 394 1139 utilitatem
426 1099 680 1138 monasterii.
754 1098 948 1137 Testibus
980 1098 1122 1136 Odone
1154 1098 1340 1147 episcopo
1374 1099 1595 1146 Baiocensi,
1633 1100 1822 1137 Gosfrido
1857 1098 1996 1137 Const’

88 1156 285 1205 episcopo,
300 1154 565 1192 Walchelino
580 1153 714 1191 Wint’
731 1153 930 1202 episcopo,
944 1151 1159 1189 Willelmo
1176 1152 1370 1190 Dunelm'
1385 1152 1596 1201 episcopo,¹
1615 1153 1819 1190 Rodberto
1835 1153 1997 1198 comite,

88 1208 296 1247 Rodberto
327 1208 476 1246 comite
505 1207 599 1257 (sic),
633 1207 769 1245 Alano
803 1206 965 1252 comite,
999 1205 1216 1255 Haymone
1247 1206 1437 1255 dapifero,
1473 1207 1645 1255 Rogerio
1679 1207 1822 1254 Bigod,
1854 1206 1998 1243 Yvone

88 1262 337 1311 Taillebosc',
360 1262 566 1300 Rodberto
589 1261 639 1299 de
662 1261 790 1310 Oleyo
813 1263 853 1299 et
878 1259 1023 1298 multis
1046 1259 1147 1297 aliis.
1207 1260 1330 1309 Apud
1351 1259 1771 1298 Westmonasterium
1791 1261 1835 1297 in
1859 1258 1998 1296 Natali

89 1316 268 1356 Domini.

135 1379 417 1425 [Westminster
433 1379 575 1424 Abbey,
594 1382 601 1396 ¹
614 1379 823 1422 Domesday
835 1380 853 1421 ',
872 1378 924 1412 fo.
948 1377 1013 1411 117
1031 1377 1096 1422 v⁰.]

810 1435 819 1454 ¹
847 1434 914 1470 See
932 1438 1021 1470 note
1038 1437 1077 1469 to
1095 1434 1279 1470 calendar.

990 1520 1107 1559 XIII

101 1598 298 1635 William
324 1599 348 1633 Ι
376 1597 424 1632 in
451 1598 610 1633 favour
638 1597 687 1632 of
711 1595 972 1697 AEthelwig,(
981 1595 1157 1696 113117110οῆ
1168 1593 1218 1629 of
1241 1593 1462 1629 Evesham
1492 1590 1698 1641 (spurious
1727 1604 1772 1628 or
1800 1584 1986 1636 inflated)

1005 1650 1026 1683 O
1060 1650 1111 1684 Ο-
1160 1675 1167 1683 .

141 1719 386 1758 Willelmus
415 1733 487 1757 rex
516 1719 752 1769 Anglorum
781 1718 826 1757 L.
859 1717 1162 1766 archiepiscopo
1192 1717 1232 1754 et
1261 1715 1305 1753 O.
1338 1715 1549 1753 Baiocensi
1579 1717 1618 1753 et
1638 1714 1706 1753 W.
1737 1715 1922 1764 episcopo
1952 1716 2002 1754 de

91 1774 326 1812 Wincestre
354 1775 395 1812 et
422 1773 577 1812 Vrsoni
604 1771 838 1811 vicecomiti
867 1774 908 1809 et
940 1771 1132 1809 omnibus
1162 1769 1384 1808 baronibus
1417 1769 1545 1807 totius
1576 1768 1726 1817 Anglie
1760 1769 1926 1807 Francis
1960 1771 2001 1807 61

88 1827 240 1877 Α118115
271 1829 312 1866 61
345 1828 538 1866 omnibus
570 1827 700 1876 ipsius
732 1825 924 1864 fidelibus
958 1824 1146 1863 salutem.
1220 1823 1365 1861 Sciatis
1397 1837 1463 1861 me
1495 1822 1738 1861 concessisse
1771 1825 1811 1860 61
1843 1823 2002 1861 dedisse

88 1881 268 1931 Agilwio
279 1881 417 1920 abbati
429 1881 635 1919 abbatiam
651 1894 767 1919 suam
783 1880 832 1918 de
853 1879 1086 1917 Eouesham
1107 1879 1147 1916 et
1167 1877 1361 1927 quicquid
1381 1878 1431 1915 ad
1450 1876 1564 1914 illam
1584 1877 1776 1926 pertinet,
1792 1878 1838 1914 ut
1854 1877 2001 1914 habeat

87 1936 173 1985 ipse
202 1937 243 1974 et
271 1948 415 1974 omnes
443 1948 691 1973 successores
719 1934 783 1972 sui
814 1946 908 1971 cum
933 1945 1083 1981 magno
1108 1932 1261 1970 honore
1286 1934 1327 1969 et
1353 1944 1447 1980 pace
1472 1931 1602 1979 ipsam
1628 1943 1720 1968 cum
1748 1930 1877 1976 terris,
1907 1943 2000 1968 cum

87 1989 327 2028 hominibus
355 1991 395 2028 et
423 2002 518 2027 cum
546 1988 621 2027 tali
649 1987 947 2026 consuetudine
976 1988 1016 2024 et
1044 1986 1132 2035 lege
1159 1988 1200 2024 61
1226 1985 1414 2023 libertate
1439 1987 1481 2022 et
1506 1997 1597 2022 soca
1623 1987 1664 2021 61
1687 1997 1778 2022 5363
1800 1986 1840 2021 61
1863 1984 1939 2021 1011
1962 1985 2002 2021 61

88 2044 228 2082 11163111
246 2045 287 2082 61
314 2041 644 2092 01113118311613601
664 2043 773 2080 intra
796 2042 974 2090 burgum
995 2043 1035 2078 61
1055 2042 1170 2078 extra
1187 2039 1295 2077 sicut
1314 2051 1511 2088 umquam
1530 2038 1679 2086 aliquis
1698 2040 2001 2076 antecessorum

89 2110 259 2137 suorum
281 2099 322 2136 et
344 2097 429 2147 ipse
454 2097 604 2135 melius
626 2099 666 2134 et
692 2096 854 2146 plenius
878 2095 1112 2133 habuerunt
1141 2096 1325 2142 tempore
1354 2093 1458 2142 regis
1487 2092 1703 2130 Eadwardi
1731 2091 1892 2141 cognati
1920 2090 2002 2129 mei

87 2152 154 2191 vel
173 2154 304 2190 antea.
362 2151 417 2189 Et
435 2152 530 2189 volo
549 2154 590 2188 et
609 2150 783 2188 concedo
803 2163 875 2199 pro
897 2148 1178 2197 redemptione
1200 2148 1337 2185 anime
1361 2159 1450 2184 mee
1472 2148 1519 2183 ut
1539 2145 1706 2183 ecclesia
1726 2145 1775 2183 de
1794 2145 2001 2183 Euesham

88 2206 237 2244 habeat
260 2207 301 2244 et
325 2207 466 2244 teneat
490 2205 534 2243 in
559 2206 803 2254 perpetuum
834 2215 977 2241 omnes
1004 2204 1132 2240 terras
1160 2203 1201 2239 61
1228 2200 1503 2250 possessiones
1527 2202 1566 2236 et
1589 2200 1799 2236 libertates
1817 2199 2002 2236 eiusdem

88 2259 254 2298 ecclesie
282 2259 449 2298 collatas
477 2261 517 2297 et
546 2271 767 2306 concessas,
790 2260 832 2296 et
870 2258 914 2295 in
945 2256 1067 2294 cartis
1098 2268 1252 2304 regum,
1286 2253 1502 2292 Eadwardi
1534 2252 1724 2291 videlicet
1755 2254 1795 2289 et
1826 2252 2002 2289 aliorum

89 2314 421 2364 predecessorum
446 2326 643 2361 meorum,
665 2325 826 2350 necnon
847 2313 888 2349 et
907 2311 951 2347 in
970 2309 1154 2358 antiquis
1179 2308 1383 2357 preceptis
1408 2307 1540 2345 eidem
1566 2306 1733 2343 ecclesie
1753 2305 2002 2354 conscriptas

89 2369 129 2406 et
147 2367 419 2406 confirmatas.
475 2367 543 2405 Ad
562 2367 639 2405 hoc
658 2366 749 2405 volo
775 2367 817 2403 et
843 2364 1019 2403 firmiter
1043 2362 1220 2412 precipio
1240 2362 1347 2411 quod
1368 2360 1570 2410 predictus
1589 2359 1714 2397 abbas
1733 2359 1936 2407 Agilwius
1962 2360 2002 2396 et

89 2435 234 2461 omnes
260 2434 512 2460 successores
540 2423 605 2459 sui
632 2423 673 2458 et
701 2419 895 2458 monachi
924 2418 974 2456 de
1003 2416 1208 2455 Euesham
1236 2415 1414 2454 habeant
1441 2415 1483 2451 et
1516 2416 1680 2451 teneant
1714 2413 1757 2450 in
1786 2425 1932 2462 puram
1961 2414 2001 2449 et

88 2478 329 2526 perpetuam
348 2475 614 2513 elemosinam
639 2474 902 2512 hundredum
929 2472 978 2509 116
1002 2471 1219 2518 Fisbeorga
1243 2482 1337 2507 cum
1358 2467 1551 2506 omnibus
1570 2480 1648 2516 que
1668 2466 1717 2504 ad
1738 2465 2001 2504 hundredum

88 2529 292 2579 pertinent
319 2530 362 2568 in
387 2529 577 2578 legitima
603 2531 643 2568 et
668 2529 798 2566 libera
823 2526 1069 2576 proprietate
1096 2527 1135 2562 et
1164 2523 1323 2561 iustitia
1350 2535 1433 2561 sua.
1493 2520 1694 2559 Videlicet
1723 2520 1829 2570 quod
1859 2519 2002 2557 nullus

89 2584 314 2622 vicecomes
343 2584 409 2623 vel
440 2596 586 2621 eorum
617 2582 801 2621 ministri
835 2581 930 2618 inde
964 2593 1007 2617 se
1041 2579 1261 2628 quicquam
1294 2575 1576 2614 intromittant
1607 2575 1673 2612 vel
1706 2573 1903 2623 placitent
1934 2572 2001 2611 vel

87 2637 245 2687 aliquid
272 2637 449 2687 exigant.
508 2637 562 2675 Et
591 2649 712 2686 super
738 2636 816 2674 hoc
846 2634 939 2673 volo
968 2635 1009 2672 et
1037 2631 1213 2670 firmiter
1240 2630 1417 2668 concedo
1447 2630 1532 2667 Deo
1559 2630 1600 2666 et
1625 2628 1773 2666 Sancte
1800 2627 1927 2665 Marie
1953 2626 2002 2664 de

88 2691 336 2739 Eouesham,
348 2693 454 2730 sicut
474 2704 544 2729 rex
555 2690 811 2729 Eadwardus
830 2687 1028 2727 concessit
1042 2684 1288 2724 antecessori
1306 2683 1485 2734 Agelwii
1504 2681 1671 2721 Mannio
1690 2680 1829 2718 abbati
1849 2682 1889 2718 et
1908 2679 1997 2725 sibi,

88 2747 135 2784 ut
153 2745 209 2784 sit
233 2745 278 2783 in
302 2745 512 2784 Euesham
538 2747 630 2795 port
655 2747 696 2782 et
722 2744 949 2782 mercatum
974 2743 1015 2779 et
1041 2740 1186 2778 habeat
1212 2738 1301 2788 ipsa
1326 2737 1492 2775 ecclesia
1521 2736 1564 2773 in
1593 2737 1835 2784 perpetuum
1859 2746 2002 2771 omnes

88 2799 405 2838 consuetudines
424 2800 473 2837 ad
497 2811 600 2848 opus
625 2811 748 2837 suum
777 2809 878 2846 quas
905 2808 980 2845 ego
1008 2794 1136 2833 habeo
1162 2793 1205 2830 in
1231 2792 1422 2830 omnibus
1445 2789 1573 2840 portis
1595 2791 1636 2826 et
1662 2789 1706 2826 in
1726 2787 1866 2836 burgis
1886 2786 1998 2825 meis.

89 2853 275 2892 Concedo
292 2854 429 2904 itaque
449 2855 494 2891 ut
515 2853 561 2891 in
581 2852 773 2890 omnibus
791 2850 890 2889 locis
909 2862 980 2899 per
997 2850 1129 2887 totam
1145 2846 1343 2895 Angliam
1361 2846 1470 2883 emat
1489 2843 1629 2881 cibum
1648 2844 1687 2880 61
1706 2841 2000 2879 vestimentum

88 2908 129 2944 et
148 2907 342 2956 quicquid
364 2907 641 2946 necessarium
664 2905 787 2944 fuerit
814 2904 902 2942 sine
929 2902 1040 2941 tollo.
1098 2900 1290 2939 Testibus
1317 2897 1514 2937 Gaufrido
1537 2897 1734 2946 Episcopo
1760 2898 1801 2932 et
1830 2894 2002 2932 Eudone

88 2960 293 3010 Dapifero.
352 2961 477 3010 Apud
491 2960 769 2999 Wintoniam.

136 3024 291 3070 [Cotton
309 3024 385 3059 MS.
399 3024 511 3069 Vesp.
529 3023 571 3058 B.
590 3023 686 3058 xxiv.
709 3022 812 3067 (Reg.
833 3021 874 3056 of
889 3019 1075 3055 Evesham
1091 3017 1247 3062 Abbey),
1266 3016 1314 3051 fo.
1336 3015 1405 3059 18]

999 3104 1104 3144 XIV

115 3183 313 3219 william
342 3182 382 3227 I,
412 3182 683 3225 concerning
712 3181 789 3217 the
818 3179 910 3215 suit
937 3179 1140 3214 between
1169 3176 1333 3217 Bishop
1363 3173 1543 3208 Herfast
1571 3171 1619 3205 os
1643 3168 1857 3203 ‘fhetford
1885 3166 1974 3202 and

332 3235 552 3280 Baldwin,
584 3236 736 3271 Abbot
765 3235 814 3269 of
838 3234 961 3276 Bury
990 3233 1051 3268 St.
1081 3229 1311 3266 Edmunds
1340 3226 1386 3274 (c.
1409 3225 1503 3273 May
1525 3225 1586 3269 31,
1624 3220 1750 3267 1081).

142 3304 210 3343 W.
234 3317 307 3343 rex
325 3302 559 3353 Anglorum
584 3303 777 3340 omnibus
801 3300 989 3339 fidelibus
1014 3299 1101 3337 suis
1125 3297 1314 3335 salutem.
1384 3293 1534 3331 Sciatis
1559 3290 1666 3341 quod
1684 3290 1744 3351 ⁸de
1767 3286 2003 3349 calumpnia

92 3361 131 3397 61
159 3357 414 3408 querimonia
442 3369 567 3406 quam
593 3356 789 3394 Arfastus
817 3355 1029 3404 episcopus
1057 3350 1229 3390 faciebat
1258 3348 1511 3396 Baldewyno
1539 3345 1704 3389 Abbati,
1735 3342 1924 3380 videlicet
1952 3341 2003 3379 de

91 3411 257 3450 ecclesia
283 3411 422 3450 Sancti
446 3410 658 3448 Edmundi
681 3412 723 3447 et
748 3410 798 3447 de
823 3408 923 3447 villa
951 3407 995 3445 in
1024 3418 1104 3455 qua
1132 3404 1274 3442 eadem
1303 3401 1469 3439 ecclesia
1497 3399 1578 3437 sita
1602 3400 1674 3445 est,
1697 3409 1787 3434 meo
1808 3396 2002 3457 ‘pre-cepto

91 3478 225 3504 coram
239 3478 306 3504 me
321 3464 629 3513 Archiepiscopi
645 3465 686 3500 et
700 3462 902 3513 Episcopi,
919 3460 1086 3499 abbates
1100 3460 1141 3496 61
1156 3457 1323 3495 comites
1337 3455 1488 3503 aliique
1503 3453 1583 3490 mei
1595 3463 1788 3501 proceres,
1805 3449 2001 3487 iudicium

2216 210 2282 241 121

2032 1565 2213 1600 Calendar

2033 1611 2099 1647 No.
2120 1612 2196 1647 106.

2035 3158 2218 3194 Calendar

2036 3206 2101 3241 No.
2122 3205 2199 3240 139.
