<?xml version="1.0" encoding="UTF-8"?>
<!DOCTYPE html PUBLIC "-//W3C//DTD XHTML 1.0 Transitional//EN"
    "http://www.w3.org/TR/xhtml1/DTD/xhtml1-transitional.dtd">
<html xmlns="http://www.w3.org/1999/xhtml" xml:lang="en" lang="en">
 <head>
  <title>
</title>
<meta http-equiv="Content-Type" content="text/html;charset=utf-8" />
  <meta name='ocr-system' content='tesseract 3.04.00' />
  <meta name='ocr-capabilities' content='ocr_page ocr_carea ocr_par ocr_line ocrx_word'/>
</head>
<body>
  <div class='ocr_page' id='page_1' title='image "./regestaregumangl01daviuoft/regestaregumangl01daviuoft_0184.png"; bbox 0 0 2423 3749; ppageno 0'>
   <div class='ocr_carea' id='block_1_1' title="bbox 87 190 169 232">
    <p class='ocr_par' dir='ltr' id='par_1_1' title="bbox 87 190 169 232">
     <span class='ocr_line' id='line_1_1' title="bbox 87 190 169 232; baseline 0 0"><span class='ocrx_word' id='word_1_1' title='bbox 87 190 169 232; x_wconf 84' lang='lat'><strong>134</strong></span> 
     </span>
    </p>
   </div>
   <div class='ocr_carea' id='block_1_2' title="bbox 85 580 271 663">
    <p class='ocr_par' dir='ltr' id='par_1_2' title="bbox 85 580 271 663">
     <span class='ocr_line' id='line_1_2' title="bbox 85 580 271 616; baseline -0.005 0"><span class='ocrx_word' id='word_1_2' title='bbox 85 580 271 616; x_wconf 72' lang='lat' dir='ltr'><strong>calendar</strong></span> 
     </span>
     <span class='ocr_line' id='line_1_3' title="bbox 86 627 250 663; baseline 0 -1"><span class='ocrx_word' id='word_1_3' title='bbox 86 627 152 663; x_wconf 90' lang='lat' dir='ltr'><strong>No.</strong></span> <span class='ocrx_word' id='word_1_4' title='bbox 171 628 250 663; x_wconf 86' lang='lat'><strong>341.</strong></span> 
     </span>
    </p>
   </div>
   <div class='ocr_carea' id='block_1_3' title="bbox 76 2037 259 2121">
    <p class='ocr_par' dir='ltr' id='par_1_3' title="bbox 76 2037 259 2121">
     <span class='ocr_line' id='line_1_4' title="bbox 76 2037 259 2074; baseline 0.011 -2"><span class='ocrx_word' id='word_1_5' title='bbox 76 2037 259 2074; x_wconf 80' lang='lat' dir='ltr'><strong>Calendar</strong></span> 
     </span>
     <span class='ocr_line' id='line_1_5' title="bbox 77 2084 243 2121; baseline 0.018 -3"><span class='ocrx_word' id='word_1_6' title='bbox 77 2084 109 2118; x_wconf 89' lang='lat' dir='ltr'>N</span> <span class='ocrx_word' id='word_1_7' title='bbox 113 2096 143 2120; x_wconf 88' lang='lat' dir='ltr'><strong>o.</strong></span> <span class='ocrx_word' id='word_1_8' title='bbox 165 2086 243 2121; x_wconf 84' lang='lat'><strong>395.</strong></span> 
     </span>
    </p>
   </div>
   <div class='ocr_carea' id='block_1_4' title="bbox 70 2796 252 2880">
    <p class='ocr_par' dir='ltr' id='par_1_4' title="bbox 70 2796 252 2880">
     <span class='ocr_line' id='line_1_6' title="bbox 70 2796 252 2833; baseline 0.005 -2"><span class='ocrx_word' id='word_1_9' title='bbox 70 2796 252 2833; x_wconf 83' lang='lat' dir='ltr'><strong>Calendar</strong></span> 
     </span>
     <span class='ocr_line' id='line_1_7' title="bbox 72 2844 238 2880; baseline 0.006 -2"><span class='ocrx_word' id='word_1_10' title='bbox 72 2844 140 2880; x_wconf 89' lang='lat' dir='ltr'><strong>No.</strong></span> <span class='ocrx_word' id='word_1_11' title='bbox 159 2845 238 2879; x_wconf 78' lang='lat'><strong>392.</strong></span> 
     </span>
    </p>
   </div>
   <div class='ocr_carea' id='block_1_5' title="bbox 931 181 1762 223">
    <p class='ocr_par' dir='ltr' id='par_1_5' title="bbox 931 181 1762 223">
     <span class='ocr_line' id='line_1_8' title="bbox 931 181 1762 223; baseline 0 -1"><span class='ocrx_word' id='word_1_12' title='bbox 931 181 1244 222; x_wconf 81' lang='lat' dir='ltr'><strong>CHARTERS</strong></span> <span class='ocrx_word' id='word_1_13' title='bbox 1290 181 1364 222; x_wconf 82' lang='lat' dir='ltr'><strong>OF</strong></span> <span class='ocrx_word' id='word_1_14' title='bbox 1406 182 1672 223; x_wconf 77' lang='lat' dir='ltr'>W&#39;ILLIAM</span> <span class='ocrx_word' id='word_1_15' title='bbox 1714 182 1762 222; x_wconf 92' lang='lat' dir='ltr'><strong>II</strong></span> 
     </span>
    </p>
   </div>
   <div class='ocr_carea' id='block_1_6' title="bbox 385 290 2294 396">
    <p class='ocr_par' dir='ltr' id='par_1_6' title="bbox 385 290 2294 396">
     <span class='ocr_line' id='line_1_9' title="bbox 385 290 2294 343; baseline -0.001 -12"><span class='ocrx_word' id='word_1_16' title='bbox 385 295 612 343; x_wconf 67' lang='lat' dir='ltr'><strong>W⁷apentac</strong></span> <span class='ocrx_word' id='word_1_17' title='bbox 633 295 696 333; x_wconf 92' lang='lat' dir='ltr'><strong>del</strong></span> <span class='ocrx_word' id='word_1_18' title='bbox 718 294 845 332; x_wconf 87' lang='lat' dir='ltr'><strong>Estou</strong></span> <span class='ocrx_word' id='word_1_19' title='bbox 867 293 915 331; x_wconf 89' lang='lat' dir='ltr'><strong>ad</strong></span> <span class='ocrx_word' id='word_1_20' title='bbox 936 293 1099 330; x_wconf 84' lang='lat' dir='ltr'><strong>firmam</strong></span> <span class='ocrx_word' id='word_1_21' title='bbox 1118 305 1192 341; x_wconf 87' lang='lat' dir='ltr'><strong>per</strong></span> <span class='ocrx_word' id='word_1_22' title='bbox 1210 304 1235 328; x_wconf 85' lang='lat' dir='ltr'>x</span> <span class='ocrx_word' id='word_1_23' title='bbox 1256 290 1382 328; x_wconf 83' lang='lat' dir='ltr'><strong>libras</strong></span> <span class='ocrx_word' id='word_1_24' title='bbox 1401 304 1571 329; x_wconf 92' lang='lat' dir='ltr'><strong>numero</strong></span> <span class='ocrx_word' id='word_1_25' title='bbox 1591 305 1751 341; x_wconf 88' lang='lat' dir='ltr'><strong>quoque</strong></span> <span class='ocrx_word' id='word_1_26' title='bbox 1771 295 1899 339; x_wconf 76' lang='lat' dir='ltr'><strong>ann0;</strong></span> <span class='ocrx_word' id='word_1_27' title='bbox 1929 293 2125 341; x_wconf 82' lang='lat' dir='ltr'><strong>quamdiu</strong></span> <span class='ocrx_word' id='word_1_28' title='bbox 2144 293 2294 331; x_wconf 84' lang='lat' dir='ltr'><strong>vixerit</strong></span> 
     </span>
     <span class='ocr_line' id='line_1_10' title="bbox 386 344 2192 396; baseline -0.001 -10"><span class='ocrx_word' id='word_1_29' title='bbox 386 349 444 387; x_wconf 92' lang='lat' dir='ltr'><strong>ita</strong></span> <span class='ocrx_word' id='word_1_30' title='bbox 463 349 585 386; x_wconf 87' lang='lat' dir='ltr'><strong>illum</strong></span> <span class='ocrx_word' id='word_1_31' title='bbox 607 347 783 386; x_wconf 81' lang='lat' dir='ltr'>habebit.</span> <span class='ocrx_word' id='word_1_32' title='bbox 841 348 885 384; x_wconf 85' lang='lat' dir='ltr'><strong>T.</strong></span> <span class='ocrx_word' id='word_1_33' title='bbox 906 347 1093 396; x_wconf 88' lang='lat' dir='ltr'><strong>episcopo</strong></span> <span class='ocrx_word' id='word_1_34' title='bbox 1114 345 1307 384; x_wconf 88' lang='lat' dir='ltr'><strong>Dunelm’</strong></span> <span class='ocrx_word' id='word_1_35' title='bbox 1328 346 1368 382; x_wconf 89' lang='lat' dir='ltr'><strong>et</strong></span> <span class='ocrx_word' id='word_1_36' title='bbox 1388 344 1534 382; x_wconf 88' lang='lat' dir='ltr'><strong>Wach’</strong></span> <span class='ocrx_word' id='word_1_37' title='bbox 1554 345 1741 394; x_wconf 91' lang='lat' dir='ltr'><strong>episcopo</strong></span> <span class='ocrx_word' id='word_1_38' title='bbox 1761 348 1801 383; x_wconf 89' lang='lat' dir='ltr'><strong>et</strong></span> <span class='ocrx_word' id='word_1_39' title='bbox 1821 345 1954 384; x_wconf 84' lang='lat' dir='ltr'><strong>Ra&#39;nn&#39;</strong></span> <span class='ocrx_word' id='word_1_40' title='bbox 1973 346 2192 395; x_wconf 88' lang='lat' dir='ltr'><strong>capellano.</strong></span> 
     </span>
    </p>
   </div>
   <div class='ocr_carea' id='block_1_7' title="bbox 434 412 2244 668">
    <p class='ocr_par' dir='ltr' id='par_1_7' title="bbox 434 412 2244 668">
     <span class='ocr_line' id='line_1_11' title="bbox 434 412 1700 462; baseline -0.001 -12"><span class='ocrx_word' id='word_1_41' title='bbox 434 417 603 462; x_wconf 86' lang='lat' dir='ltr'><strong>[Lincoln</strong></span> <span class='ocrx_word' id='word_1_42' title='bbox 618 415 781 459; x_wconf 82' lang='lat' dir='ltr'><strong>Chapter</strong></span> <span class='ocrx_word' id='word_1_43' title='bbox 798 414 963 459; x_wconf 73' lang='lat' dir='ltr'><strong>Libiary,</strong></span> <span class='ocrx_word' id='word_1_44' title='bbox 982 414 1196 459; x_wconf 84' lang='lat' dir='ltr'><strong>Registrum</strong></span> <span class='ocrx_word' id='word_1_45' title='bbox 1213 412 1537 457; x_wconf 76' lang='lat' dir='ltr'><strong>Antiquissimum,</strong></span> <span class='ocrx_word' id='word_1_46' title='bbox 1555 413 1621 448; x_wconf 90' lang='lat' dir='ltr'><strong>No.</strong></span> <span class='ocrx_word' id='word_1_47' title='bbox 1641 414 1700 458; x_wconf 94' lang='lat' dir='ltr'><strong>V.]</strong></span> 
     </span>
     <span class='ocr_line' id='line_1_12' title="bbox 1294 492 1396 531; baseline 0.01 -1"><span class='ocrx_word' id='word_1_48' title='bbox 1294 492 1396 531; x_wconf 86' lang='lat' dir='ltr'><strong>LXI</strong></span> 
     </span>
     <span class='ocr_line' id='line_1_13' title="bbox 436 564 2244 668; baseline -0.001 -66"><span class='ocrx_word' id='word_1_49' title='bbox 436 566 475 613; x_wconf 60' lang='grc' dir='ltr'><strong>(ἃ)</strong></span> <span class='ocrx_word' id='word_1_50' title='bbox 504 564 732 612; x_wconf 83' lang='lat' dir='ltr'><strong>spurious)</strong></span> <span class='ocrx_word' id='word_1_51' title='bbox 760 565 959 601; x_wconf 87' lang='lat' dir='ltr'><strong>William</strong></span> <span class='ocrx_word' id='word_1_52' title='bbox 988 567 1035 601; x_wconf 90' lang='grc' dir='ltr'><strong>ΙΙ</strong></span> <span class='ocrx_word' id='word_1_53' title='bbox 1065 570 1111 602; x_wconf 88' lang='lat' dir='ltr'><strong>to</strong></span> <span class='ocrx_word' id='word_1_54' title='bbox 1139 565 1432 668; x_wconf 40' lang='lat' dir='ltr'><strong>Arczibishop)</strong></span> <span class='ocrx_word' id='word_1_55' title='bbox 1452 566 1644 602; x_wconf 81' lang='lat' dir='ltr'><strong>Thomas</strong></span> <span class='ocrx_word' id='word_1_56' title='bbox 1673 566 1762 602; x_wconf 88' lang='lat' dir='ltr'><strong>and</strong></span> <span class='ocrx_word' id='word_1_57' title='bbox 1791 566 1852 603; x_wconf 85' lang='lat' dir='ltr'><strong>St.</strong></span> <span class='ocrx_word' id='word_1_58' title='bbox 1881 566 2017 602; x_wconf 87' lang='lat' dir='ltr'><strong>Peter</strong></span> <span class='ocrx_word' id='word_1_59' title='bbox 2045 566 2094 601; x_wconf 81' lang='lat' dir='ltr'><strong>of</strong></span> <span class='ocrx_word' id='word_1_60' title='bbox 2118 566 2244 602; x_wconf 84' lang='lat' dir='ltr'><strong>York</strong></span> 
     </span>
     <span class='ocr_line' id='line_1_14' title="bbox 1253 621 1443 655; baseline 0 0"><span class='ocrx_word' id='word_1_61' title='bbox 1253 631 1286 655; x_wconf 78' lang='lat' dir='ltr'><strong>c.</strong></span> <span class='ocrx_word' id='word_1_62' title='bbox 1337 621 1386 655; x_wconf 91' lang='lat'><strong>09</strong></span> <span class='ocrx_word' id='word_1_63' title='bbox 1435 646 1443 655; x_wconf 97' lang='lat'><strong>.</strong></span> 
     </span>
    </p>
   </div>
   <div class='ocr_carea' id='block_1_8' title="bbox 374 687 2296 1817">
    <p class='ocr_par' dir='ltr' id='par_1_8' title="bbox 374 687 2296 1817">
     <span class='ocr_line' id='line_1_15' title="bbox 433 687 2296 737; baseline 0.001 -12"><span class='ocrx_word' id='word_1_64' title='bbox 433 688 484 725; x_wconf 91' lang='lat' dir='ltr'><strong>In</strong></span> <span class='ocrx_word' id='word_1_65' title='bbox 498 687 665 725; x_wconf 90' lang='lat' dir='ltr'><strong>nomine</strong></span> <span class='ocrx_word' id='word_1_66' title='bbox 681 687 817 726; x_wconf 90' lang='lat' dir='ltr'><strong>Patris</strong></span> <span class='ocrx_word' id='word_1_67' title='bbox 833 688 871 724; x_wconf 87' lang='lat' dir='ltr'><strong>et</strong></span> <span class='ocrx_word' id='word_1_68' title='bbox 888 687 983 725; x_wconf 86' lang='lat' dir='ltr'>Filii</span> <span class='ocrx_word' id='word_1_69' title='bbox 999 690 1039 726; x_wconf 89' lang='lat' dir='ltr'><strong>et</strong></span> <span class='ocrx_word' id='word_1_70' title='bbox 1051 688 1230 737; x_wconf 80' lang='lat' dir='ltr'>Spiritus</span> <span class='ocrx_word' id='word_1_71' title='bbox 1244 687 1382 725; x_wconf 81' lang='lat' dir='ltr'>Sancti</span> <span class='ocrx_word' id='word_1_72' title='bbox 1395 688 1543 725; x_wconf 91' lang='lat' dir='ltr'><strong>Amen.</strong></span> <span class='ocrx_word' id='word_1_73' title='bbox 1602 687 1765 726; x_wconf 86' lang='lat' dir='ltr'>Summi</span> <span class='ocrx_word' id='word_1_74' title='bbox 1780 688 1910 737; x_wconf 88' lang='lat' dir='ltr'><strong>patris</strong></span> <span class='ocrx_word' id='word_1_75' title='bbox 1922 688 2001 725; x_wconf 87' lang='lat' dir='ltr'><strong>fuit</strong></span> <span class='ocrx_word' id='word_1_76' title='bbox 2017 688 2236 726; x_wconf 88' lang='lat' dir='ltr'><strong>consilium</strong></span> <span class='ocrx_word' id='word_1_77' title='bbox 2252 690 2296 726; x_wconf 90' lang='lat' dir='ltr'><strong>ut</strong></span> 
     </span>
     <span class='ocr_line' id='line_1_16' title="bbox 379 740 2295 791; baseline 0.001 -13"><span class='ocrx_word' id='word_1_78' title='bbox 379 744 565 779; x_wconf 76' lang='lat' dir='ltr'><strong>sanctam</strong></span> <span class='ocrx_word' id='word_1_79' title='bbox 594 741 803 779; x_wconf 87' lang='lat' dir='ltr'><strong>civitatem</strong></span> <span class='ocrx_word' id='word_1_80' title='bbox 832 754 949 779; x_wconf 85' lang='lat' dir='ltr'><strong>suam</strong></span> <span class='ocrx_word' id='word_1_81' title='bbox 979 742 1183 790; x_wconf 78' lang='lat' dir='ltr'><strong>celestem,</strong></span> <span class='ocrx_word' id='word_1_82' title='bbox 1207 741 1362 779; x_wconf 89' lang='lat' dir='ltr'><strong>scilicet</strong></span> <span class='ocrx_word' id='word_1_83' title='bbox 1391 740 1627 789; x_wconf 81' lang='lat' dir='ltr'><strong>Ierusalem,</strong></span> <span class='ocrx_word' id='word_1_84' title='bbox 1660 755 1738 791; x_wconf 91' lang='lat' dir='ltr'><strong>que</strong></span> <span class='ocrx_word' id='word_1_85' title='bbox 1767 741 1957 791; x_wconf 86' lang='lat' dir='ltr'><strong>superbia</strong></span> <span class='ocrx_word' id='word_1_86' title='bbox 1985 741 2136 779; x_wconf 87' lang='lat' dir='ltr'><strong>diaboli</strong></span> <span class='ocrx_word' id='word_1_87' title='bbox 2165 741 2295 780; x_wconf 91' lang='lat' dir='ltr'><strong>divisa</strong></span> 
     </span>
     <span class='ocr_line' id='line_1_17' title="bbox 377 794 2296 845; baseline 0.001 -13"><span class='ocrx_word' id='word_1_88' title='bbox 377 796 474 842; x_wconf 86' lang='lat' dir='ltr'><strong>erat,</strong></span> <span class='ocrx_word' id='word_1_89' title='bbox 498 797 631 832; x_wconf 90' lang='lat' dir='ltr'><strong>morte</strong></span> <span class='ocrx_word' id='word_1_90' title='bbox 650 795 906 834; x_wconf 78' lang='lat' dir='ltr'>dilectissimi</span> <span class='ocrx_word' id='word_1_91' title='bbox 926 796 1002 834; x_wconf 91' lang='lat' dir='ltr'><strong>filii</strong></span> <span class='ocrx_word' id='word_1_92' title='bbox 1022 796 1301 834; x_wconf 80' lang='lat' dir='ltr'><strong>intercedente</strong></span> <span class='ocrx_word' id='word_1_93' title='bbox 1319 794 1614 844; x_wconf 77' lang='lat' dir='ltr'><strong>redintegraret</strong></span> <span class='ocrx_word' id='word_1_94' title='bbox 1639 798 1680 833; x_wconf 92' lang='lat' dir='ltr'><strong>et</strong></span> <span class='ocrx_word' id='word_1_95' title='bbox 1699 808 1771 844; x_wconf 89' lang='lat' dir='ltr'><strong>per</strong></span> <span class='ocrx_word' id='word_1_96' title='bbox 1789 795 2116 844; x_wconf 89' lang='lat' dir='ltr'><strong>redempcionem</strong></span> <span class='ocrx_word' id='word_1_97' title='bbox 2135 795 2296 845; x_wconf 87' lang='lat' dir='ltr'><strong>generis</strong></span> 
     </span>
     <span class='ocr_line' id='line_1_18' title="bbox 377 848 2294 899; baseline 0.001 -13"><span class='ocrx_word' id='word_1_98' title='bbox 377 849 551 887; x_wconf 89' lang='lat' dir='ltr'><strong>humani</strong></span> <span class='ocrx_word' id='word_1_99' title='bbox 570 849 753 898; x_wconf 86' lang='lat' dir='ltr'><strong>angelica</strong></span> <span class='ocrx_word' id='word_1_100' title='bbox 772 849 950 899; x_wconf 89' lang='lat' dir='ltr'><strong>dampna</strong></span> <span class='ocrx_word' id='word_1_101' title='bbox 969 852 1183 899; x_wconf 77' lang='lat' dir='ltr'><strong>repararet.</strong></span> <span class='ocrx_word' id='word_1_102' title='bbox 1250 849 1340 887; x_wconf 90' lang='lat' dir='ltr'><strong>Hac</strong></span> <span class='ocrx_word' id='word_1_103' title='bbox 1361 848 1691 887; x_wconf 79' lang='lat' dir='ltr'><strong>consideracione</strong></span> <span class='ocrx_word' id='word_1_104' title='bbox 1711 862 1785 898; x_wconf 87' lang='lat' dir='ltr'><strong>ego</strong></span> <span class='ocrx_word' id='word_1_105' title='bbox 1804 849 2049 887; x_wconf 89' lang='lat' dir='ltr'><strong>Willelmus</strong></span> <span class='ocrx_word' id='word_1_106' title='bbox 2070 849 2148 888; x_wconf 87' lang='lat' dir='ltr'><strong>Dei</strong></span> <span class='ocrx_word' id='word_1_107' title='bbox 2166 850 2294 898; x_wconf 80' lang='lat' dir='ltr'><strong>gratia</strong></span> 
     </span>
     <span class='ocr_line' id='line_1_19' title="bbox 380 902 2290 954; baseline 0.001 -15"><span class='ocrx_word' id='word_1_108' title='bbox 380 916 447 939; x_wconf 81' lang='lat' dir='ltr'><strong>rex</strong></span> <span class='ocrx_word' id='word_1_109' title='bbox 470 903 715 951; x_wconf 86' lang='lat' dir='ltr'><strong>Anglorum‚</strong></span> <span class='ocrx_word' id='word_1_110' title='bbox 737 903 947 941; x_wconf 88' lang='lat' dir='ltr'><strong>Willelmi</strong></span> <span class='ocrx_word' id='word_1_111' title='bbox 972 904 1078 954; x_wconf 85' lang='lat' dir='ltr'><strong>regis</strong></span> <span class='ocrx_word' id='word_1_112' title='bbox 1104 903 1216 942; x_wconf 90' lang='lat' dir='ltr'><strong>filius</strong></span> <span class='ocrx_word' id='word_1_113' title='bbox 1245 902 1316 952; x_wconf 89' lang='lat' dir='ltr'><strong>qui</strong></span> <span class='ocrx_word' id='word_1_114' title='bbox 1345 902 1547 941; x_wconf 87' lang='lat' dir='ltr'><strong>Edwardo</strong></span> <span class='ocrx_word' id='word_1_115' title='bbox 1577 903 1662 953; x_wconf 87' lang='lat' dir='ltr'><strong>regi</strong></span> <span class='ocrx_word' id='word_1_116' title='bbox 1690 904 1779 941; x_wconf 86' lang='lat' dir='ltr'><strong>iure</strong></span> <span class='ocrx_word' id='word_1_117' title='bbox 1806 903 2053 941; x_wconf 86' lang='lat' dir='ltr'><strong>hereditario</strong></span> <span class='ocrx_word' id='word_1_118' title='bbox 2082 904 2290 948; x_wconf 86' lang='lat' dir='ltr'><strong>successit,</strong></span> 
     </span>
     <span class='ocr_line' id='line_1_20' title="bbox 379 956 2295 1007; baseline 0.001 -14"><span class='ocrx_word' id='word_1_119' title='bbox 379 956 521 994; x_wconf 89' lang='lat' dir='ltr'><strong>videns</strong></span> <span class='ocrx_word' id='word_1_120' title='bbox 540 957 749 995; x_wconf 88' lang='lat' dir='ltr'><strong>ecclesiam</strong></span> <span class='ocrx_word' id='word_1_121' title='bbox 771 957 1006 1007; x_wconf 87' lang='lat' dir='ltr'><strong>Anglorum</strong></span> <span class='ocrx_word' id='word_1_122' title='bbox 1025 971 1073 996; x_wconf 85' lang='lat' dir='ltr'><strong>ex</strong></span> <span class='ocrx_word' id='word_1_123' title='bbox 1102 960 1215 1007; x_wconf 89' lang='lat' dir='ltr'><strong>parte</strong></span> <span class='ocrx_word' id='word_1_124' title='bbox 1244 957 1423 995; x_wconf 87' lang='lat' dir='ltr'><strong>diuisam</strong></span> <span class='ocrx_word' id='word_1_125' title='bbox 1448 958 1488 994; x_wconf 91' lang='lat' dir='ltr'><strong>et</strong></span> <span class='ocrx_word' id='word_1_126' title='bbox 1516 957 1830 1004; x_wconf 85' lang='lat' dir='ltr'><strong>discordantem,</strong></span> <span class='ocrx_word' id='word_1_127' title='bbox 1859 957 2050 995; x_wconf 90' lang='lat' dir='ltr'><strong>resarcire</strong></span> <span class='ocrx_word' id='word_1_128' title='bbox 2079 957 2295 1007; x_wconf 89' lang='lat' dir='ltr'><strong>concupiui</strong></span> 
     </span>
     <span class='ocr_line' id='line_1_21' title="bbox 379 1010 2294 1060; baseline 0.001 -13"><span class='ocrx_word' id='word_1_129' title='bbox 379 1010 486 1059; x_wconf 85' lang='lat' dir='ltr'><strong>quod</strong></span> <span class='ocrx_word' id='word_1_130' title='bbox 520 1010 627 1048; x_wconf 90' lang='lat' dir='ltr'><strong>male</strong></span> <span class='ocrx_word' id='word_1_131' title='bbox 660 1013 832 1048; x_wconf 89' lang='lat' dir='ltr'><strong>scissum</strong></span> <span class='ocrx_word' id='word_1_132' title='bbox 863 1012 1006 1058; x_wconf 80' lang='lat' dir='ltr'><strong>fuerat,</strong></span> <span class='ocrx_word' id='word_1_133' title='bbox 1038 1014 1078 1050; x_wconf 91' lang='lat' dir='ltr'><strong>et</strong></span> <span class='ocrx_word' id='word_1_134' title='bbox 1108 1012 1158 1050; x_wconf 89' lang='lat' dir='ltr'><strong>ad</strong></span> <span class='ocrx_word' id='word_1_135' title='bbox 1190 1012 1394 1049; x_wconf 86' lang='lat' dir='ltr'><strong>unitatem</strong></span> <span class='ocrx_word' id='word_1_136' title='bbox 1425 1023 1517 1048; x_wconf 85' lang='lat' dir='ltr'><strong>vere</strong></span> <span class='ocrx_word' id='word_1_137' title='bbox 1548 1011 1732 1049; x_wconf 88' lang='lat' dir='ltr'><strong>caritatis</strong></span> <span class='ocrx_word' id='word_1_138' title='bbox 1761 1024 1949 1049; x_wconf 88' lang='lat' dir='ltr'><strong>reuocare</strong></span> <span class='ocrx_word' id='word_1_139' title='bbox 1979 1011 2086 1060; x_wconf 91' lang='lat' dir='ltr'><strong>quod</strong></span> <span class='ocrx_word' id='word_1_140' title='bbox 2117 1011 2187 1049; x_wconf 88' lang='lat' dir='ltr'><strong>diu</strong></span> <span class='ocrx_word' id='word_1_141' title='bbox 2218 1011 2294 1049; x_wconf 88' lang='lat' dir='ltr'><strong>dis·</strong></span> 
     </span>
     <span class='ocr_line' id='line_1_22' title="bbox 376 1064 2296 1114; baseline 0.001 -13"><span class='ocrx_word' id='word_1_142' title='bbox 376 1077 542 1102; x_wconf 88' lang='lat' dir='ltr'><strong>cussum</strong></span> <span class='ocrx_word' id='word_1_143' title='bbox 571 1065 648 1103; x_wconf 92' lang='lat' dir='ltr'><strong>sub</strong></span> <span class='ocrx_word' id='word_1_144' title='bbox 679 1065 881 1103; x_wconf 86' lang='lat' dir='ltr'><strong>discordia</strong></span> <span class='ocrx_word' id='word_1_145' title='bbox 910 1068 1125 1104; x_wconf 86' lang='lat' dir='ltr'><strong>manserat.</strong></span> <span class='ocrx_word' id='word_1_146' title='bbox 1186 1064 1360 1103; x_wconf 87' lang='lat' dir='ltr'><strong>Redemi</strong></span> <span class='ocrx_word' id='word_1_147' title='bbox 1396 1065 1525 1114; x_wconf 87' lang='lat' dir='ltr'><strong>igitur</strong></span> <span class='ocrx_word' id='word_1_148' title='bbox 1552 1065 1601 1103; x_wconf 89' lang='lat' dir='ltr'><strong>de</strong></span> <span class='ocrx_word' id='word_1_149' title='bbox 1635 1065 1739 1103; x_wconf 90' lang='lat' dir='ltr'><strong>meis</strong></span> <span class='ocrx_word' id='word_1_150' title='bbox 1767 1065 1944 1114; x_wconf 86' lang='lat' dir='ltr'><strong>propriis</strong></span> <span class='ocrx_word' id='word_1_151' title='bbox 1972 1065 2296 1114; x_wconf 85' lang='lat' dir='ltr'><strong>possessionibus</strong></span> 
     </span>
     <span class='ocr_line' id='line_1_23' title="bbox 377 1118 2295 1168; baseline 0.001 -13"><span class='ocrx_word' id='word_1_152' title='bbox 377 1118 657 1167; x_wconf 85' lang='lat' dir='ltr'><strong>calumpniam</strong></span> <span class='ocrx_word' id='word_1_153' title='bbox 685 1132 807 1168; x_wconf 88' lang='lat' dir='ltr'><strong>quam</strong></span> <span class='ocrx_word' id='word_1_154' title='bbox 834 1119 1011 1158; x_wconf 86' lang='lat' dir='ltr'><strong>habebat</strong></span> <span class='ocrx_word' id='word_1_155' title='bbox 1035 1119 1304 1157; x_wconf 87' lang='lat' dir='ltr'><strong>Eboracensis</strong></span> <span class='ocrx_word' id='word_1_156' title='bbox 1322 1119 1491 1157; x_wconf 88' lang='lat' dir='ltr'><strong>ecclesia</strong></span> <span class='ocrx_word' id='word_1_157' title='bbox 1509 1120 1549 1156; x_wconf 91' lang='lat' dir='ltr'><strong>et</strong></span> <span class='ocrx_word' id='word_1_158' title='bbox 1569 1119 1749 1157; x_wconf 86' lang='lat' dir='ltr'><strong>Thomas</strong></span> <span class='ocrx_word' id='word_1_159' title='bbox 1777 1119 1960 1157; x_wconf 88' lang='lat' dir='ltr'><strong>eiusdem</strong></span> <span class='ocrx_word' id='word_1_160' title='bbox 1983 1118 2149 1157; x_wconf 87' lang='lat' dir='ltr'><strong>ecclesie</strong></span> <span class='ocrx_word' id='word_1_161' title='bbox 2169 1119 2295 1157; x_wconf 88' lang='lat' dir='ltr'><strong>archi-</strong></span> 
     </span>
     <span class='ocr_line' id='line_1_24' title="bbox 376 1172 2295 1223; baseline 0.001 -14"><span class='ocrx_word' id='word_1_162' title='bbox 376 1172 588 1221; x_wconf 91' lang='lat' dir='ltr'><strong>episcopus</strong></span> <span class='ocrx_word' id='word_1_163' title='bbox 608 1186 729 1221; x_wconf 89' lang='lat' dir='ltr'><strong>super</strong></span> <span class='ocrx_word' id='word_1_164' title='bbox 748 1173 1005 1211; x_wconf 87' lang='lat' dir='ltr'><strong>Lincolniam</strong></span> <span class='ocrx_word' id='word_1_165' title='bbox 1021 1176 1061 1212; x_wconf 91' lang='lat' dir='ltr'><strong>et</strong></span> <span class='ocrx_word' id='word_1_166' title='bbox 1075 1186 1197 1223; x_wconf 88' lang='lat' dir='ltr'><strong>super</strong></span> <span class='ocrx_word' id='word_1_167' title='bbox 1211 1173 1440 1211; x_wconf 87' lang='lat' dir='ltr'><strong>Lindissim</strong></span> <span class='ocrx_word' id='word_1_168' title='bbox 1455 1174 1495 1211; x_wconf 92' lang='lat' dir='ltr'><strong>et</strong></span> <span class='ocrx_word' id='word_1_169' title='bbox 1511 1186 1633 1222; x_wconf 89' lang='lat' dir='ltr'><strong>super</strong></span> <span class='ocrx_word' id='word_1_170' title='bbox 1647 1173 1883 1211; x_wconf 87' lang='lat' dir='ltr'><strong>mansiones</strong></span> <span class='ocrx_word' id='word_1_171' title='bbox 1899 1173 2012 1211; x_wconf 88' lang='lat' dir='ltr'><strong>Stow</strong></span> <span class='ocrx_word' id='word_1_172' title='bbox 2027 1175 2067 1211; x_wconf 87' lang='lat' dir='ltr'><strong>et</strong></span> <span class='ocrx_word' id='word_1_173' title='bbox 2083 1173 2295 1219; x_wconf 80' lang='lat' dir='ltr'><strong>Dudham;</strong></span> 
     </span>
     <span class='ocr_line' id='line_1_25' title="bbox 376 1226 2295 1276; baseline 0.001 -13"><span class='ocrx_word' id='word_1_174' title='bbox 376 1228 416 1263; x_wconf 90' lang='lat' dir='ltr'><strong>et</strong></span> <span class='ocrx_word' id='word_1_175' title='bbox 437 1226 530 1264; x_wconf 87' lang='lat' dir='ltr'><strong>dedi</strong></span> <span class='ocrx_word' id='word_1_176' title='bbox 550 1240 625 1275; x_wconf 92' lang='lat' dir='ltr'><strong>pro</strong></span> <span class='ocrx_word' id='word_1_177' title='bbox 645 1227 799 1264; x_wconf 91' lang='lat' dir='ltr'><strong>eisdem</strong></span> <span class='ocrx_word' id='word_1_178' title='bbox 819 1227 985 1265; x_wconf 89' lang='lat' dir='ltr'><strong>ecclesie</strong></span> <span class='ocrx_word' id='word_1_179' title='bbox 1004 1227 1143 1266; x_wconf 83' lang='lat' dir='ltr'><strong>Sancti</strong></span> <span class='ocrx_word' id='word_1_180' title='bbox 1163 1227 1277 1265; x_wconf 88' lang='lat' dir='ltr'><strong>Petri</strong></span> <span class='ocrx_word' id='word_1_181' title='bbox 1296 1226 1470 1265; x_wconf 86' lang='lat' dir='ltr'><strong>Eboraci</strong></span> <span class='ocrx_word' id='word_1_182' title='bbox 1490 1226 1577 1264; x_wconf 89' lang='lat' dir='ltr'><strong>iure</strong></span> <span class='ocrx_word' id='word_1_183' title='bbox 1596 1228 1791 1276; x_wconf 86' lang='lat' dir='ltr'><strong>perpetuo</strong></span> <span class='ocrx_word' id='word_1_184' title='bbox 1811 1227 2076 1276; x_wconf 86' lang='lat' dir='ltr'><strong>possidendas</strong></span> <span class='ocrx_word' id='word_1_185' title='bbox 2089 1227 2295 1265; x_wconf 80' lang='lat' dir='ltr'><strong>abbatiam</strong></span> 
     </span>
     <span class='ocr_line' id='line_1_26' title="bbox 377 1280 2296 1331; baseline 0.001 -13"><span class='ocrx_word' id='word_1_186' title='bbox 377 1280 516 1318; x_wconf 86' lang='lat' dir='ltr'><strong>Sancti</strong></span> <span class='ocrx_word' id='word_1_187' title='bbox 539 1281 736 1319; x_wconf 83' lang='lat' dir='ltr'><strong>Germani</strong></span> <span class='ocrx_word' id='word_1_188' title='bbox 757 1281 805 1319; x_wconf 94' lang='lat' dir='ltr'><strong>de</strong></span> <span class='ocrx_word' id='word_1_189' title='bbox 825 1281 973 1331; x_wconf 90' lang='lat' dir='ltr'><strong>Seleby</strong></span> <span class='ocrx_word' id='word_1_190' title='bbox 988 1283 1029 1319; x_wconf 92' lang='lat' dir='ltr'><strong>et</strong></span> <span class='ocrx_word' id='word_1_191' title='bbox 1049 1281 1261 1319; x_wconf 88' lang='lat' dir='ltr'><strong>ecclesiam</strong></span> <span class='ocrx_word' id='word_1_192' title='bbox 1283 1280 1422 1319; x_wconf 86' lang='lat' dir='ltr'><strong>Sancti</strong></span> <span class='ocrx_word' id='word_1_193' title='bbox 1442 1280 1623 1318; x_wconf 91' lang='lat' dir='ltr'><strong>Oswaldi</strong></span> <span class='ocrx_word' id='word_1_194' title='bbox 1643 1281 1692 1319; x_wconf 95' lang='lat' dir='ltr'><strong>de</strong></span> <span class='ocrx_word' id='word_1_195' title='bbox 1713 1281 1968 1319; x_wconf 85' lang='lat' dir='ltr'><strong>Gloucestria</strong></span> <span class='ocrx_word' id='word_1_196' title='bbox 1987 1294 2081 1319; x_wconf 91' lang='lat' dir='ltr'><strong>cum</strong></span> <span class='ocrx_word' id='word_1_197' title='bbox 2101 1281 2296 1319; x_wconf 86' lang='lat' dir='ltr'><strong>omnibus</strong></span> 
     </span>
     <span class='ocr_line' id='line_1_27' title="bbox 375 1334 2296 1384; baseline 0.001 -13"><span class='ocrx_word' id='word_1_198' title='bbox 375 1334 425 1371; x_wconf 86' lang='lat' dir='ltr'><strong>ad</strong></span> <span class='ocrx_word' id='word_1_199' title='bbox 446 1348 514 1372; x_wconf 86' lang='lat' dir='ltr'><strong>eas</strong></span> <span class='ocrx_word' id='word_1_200' title='bbox 534 1334 621 1372; x_wconf 93' lang='lat' dir='ltr'><strong>iure</strong></span> <span class='ocrx_word' id='word_1_201' title='bbox 640 1335 954 1383; x_wconf 89' lang='lat' dir='ltr'><strong>pertinentibus.</strong></span> <span class='ocrx_word' id='word_1_202' title='bbox 1015 1335 1070 1373; x_wconf 88' lang='lat' dir='ltr'><strong>Et</strong></span> <span class='ocrx_word' id='word_1_203' title='bbox 1096 1336 1154 1373; x_wconf 91' lang='lat' dir='ltr'><strong>ita</strong></span> <span class='ocrx_word' id='word_1_204' title='bbox 1180 1335 1273 1373; x_wconf 90' lang='lat' dir='ltr'><strong>dedi</strong></span> <span class='ocrx_word' id='word_1_205' title='bbox 1298 1334 1600 1384; x_wconf 89' lang='lat' dir='ltr'><strong>archiepiscopo</strong></span> <span class='ocrx_word' id='word_1_206' title='bbox 1627 1335 1786 1373; x_wconf 84' lang='lat' dir='ltr'><strong>Thome</strong></span> <span class='ocrx_word' id='word_1_207' title='bbox 1814 1337 1855 1373; x_wconf 90' lang='lat' dir='ltr'><strong>et</strong></span> <span class='ocrx_word' id='word_1_208' title='bbox 1883 1334 2182 1373; x_wconf 89' lang='lat' dir='ltr'><strong>successoribus</strong></span> <span class='ocrx_word' id='word_1_209' title='bbox 2210 1335 2296 1373; x_wconf 86' lang='lat' dir='ltr'><strong>suis</strong></span> 
     </span>
     <span class='ocr_line' id='line_1_28' title="bbox 375 1388 2295 1438; baseline 0.001 -13"><span class='ocrx_word' id='word_1_210' title='bbox 375 1388 583 1426; x_wconf 87' lang='lat' dir='ltr'><strong>abbatiam</strong></span> <span class='ocrx_word' id='word_1_211' title='bbox 612 1389 754 1426; x_wconf 89' lang='lat' dir='ltr'><strong>Sancti</strong></span> <span class='ocrx_word' id='word_1_212' title='bbox 788 1389 984 1427; x_wconf 85' lang='lat' dir='ltr'><strong>Germani</strong></span> <span class='ocrx_word' id='word_1_213' title='bbox 1012 1391 1116 1428; x_wconf 88' lang='lat' dir='ltr'><strong>sicut</strong></span> <span class='ocrx_word' id='word_1_214' title='bbox 1144 1389 1491 1438; x_wconf 87' lang='lat' dir='ltr'><strong>Archiepiscopus</strong></span> <span class='ocrx_word' id='word_1_215' title='bbox 1524 1389 1832 1427; x_wconf 87' lang='lat' dir='ltr'><strong>Cantuariensis</strong></span> <span class='ocrx_word' id='word_1_216' title='bbox 1862 1389 1987 1427; x_wconf 87' lang='lat' dir='ltr'><strong>habet</strong></span> <span class='ocrx_word' id='word_1_217' title='bbox 2016 1389 2295 1438; x_wconf 89' lang='lat' dir='ltr'><strong>episcopatum</strong></span> 
     </span>
     <span class='ocr_line' id='line_1_29' title="bbox 376 1442 2296 1493; baseline 0.002 -14"><span class='ocrx_word' id='word_1_218' title='bbox 376 1442 623 1480; x_wconf 87' lang='lat' dir='ltr'><strong>Roffensem.</strong></span> <span class='ocrx_word' id='word_1_219' title='bbox 698 1442 752 1481; x_wconf 85' lang='lat' dir='ltr'><strong>Et</strong></span> <span class='ocrx_word' id='word_1_220' title='bbox 797 1444 884 1492; x_wconf 90' lang='lat' dir='ltr'><strong>ipse</strong></span> <span class='ocrx_word' id='word_1_221' title='bbox 930 1443 1112 1492; x_wconf 89' lang='lat' dir='ltr'><strong>predicta</strong></span> <span class='ocrx_word' id='word_1_222' title='bbox 1158 1443 1352 1481; x_wconf 89' lang='lat' dir='ltr'><strong>beneficia</strong></span> <span class='ocrx_word' id='word_1_223' title='bbox 1389 1443 1565 1492; x_wconf 83' lang='lat' dir='ltr'><strong>benigne</strong></span> <span class='ocrx_word' id='word_1_224' title='bbox 1604 1443 1765 1481; x_wconf 88' lang='lat' dir='ltr'><strong>dimisit</strong></span> <span class='ocrx_word' id='word_1_225' title='bbox 1799 1444 1839 1481; x_wconf 93' lang='lat' dir='ltr'><strong>et</strong></span> <span class='ocrx_word' id='word_1_226' title='bbox 1871 1445 2082 1493; x_wconf 85' lang='lat' dir='ltr'><strong>gratanter</strong></span> <span class='ocrx_word' id='word_1_227' title='bbox 2113 1444 2296 1482; x_wconf 86' lang='lat' dir='ltr'><strong>Thomas</strong></span> 
     </span>
     <span class='ocr_line' id='line_1_30' title="bbox 374 1496 2294 1546; baseline 0.001 -12"><span class='ocrx_word' id='word_1_228' title='bbox 374 1496 699 1546; x_wconf 89' lang='lat' dir='ltr'><strong>archiepiscopus</strong></span> <span class='ocrx_word' id='word_1_229' title='bbox 726 1498 771 1535; x_wconf 91' lang='lat' dir='ltr'><strong>in</strong></span> <span class='ocrx_word' id='word_1_230' title='bbox 799 1500 999 1546; x_wconf 87' lang='lat' dir='ltr'><strong>eternum,</strong></span> <span class='ocrx_word' id='word_1_231' title='bbox 1033 1497 1315 1536; x_wconf 86' lang='lat' dir='ltr'><strong>consentiente</strong></span> <span class='ocrx_word' id='word_1_232' title='bbox 1343 1497 1451 1535; x_wconf 89' lang='lat' dir='ltr'><strong>clero</strong></span> <span class='ocrx_word' id='word_1_233' title='bbox 1478 1497 1674 1544; x_wconf 89' lang='lat' dir='ltr'><strong>eiusdem,</strong></span> <span class='ocrx_word' id='word_1_234' title='bbox 1697 1497 1924 1546; x_wconf 86' lang='lat' dir='ltr'><strong>predictam</strong></span> <span class='ocrx_word' id='word_1_235' title='bbox 1952 1496 2232 1546; x_wconf 87' lang='lat' dir='ltr'><strong>calumpniam</strong></span> <span class='ocrx_word' id='word_1_236' title='bbox 2250 1498 2294 1535; x_wconf 86' lang='lat' dir='ltr'><strong>in</strong></span> 
     </span>
     <span class='ocr_line' id='line_1_31' title="bbox 375 1550 2295 1602; baseline 0.001 -14"><span class='ocrx_word' id='word_1_237' title='bbox 375 1550 579 1599; x_wconf 88' lang='lat' dir='ltr'><strong>presentia</strong></span> <span class='ocrx_word' id='word_1_238' title='bbox 606 1564 697 1589; x_wconf 88' lang='lat' dir='ltr'><strong>mea</strong></span> <span class='ocrx_word' id='word_1_239' title='bbox 725 1554 766 1589; x_wconf 93' lang='lat' dir='ltr'><strong>et</strong></span> <span class='ocrx_word' id='word_1_240' title='bbox 795 1551 1083 1601; x_wconf 89' lang='lat' dir='ltr'><strong>episcoporum</strong></span> <span class='ocrx_word' id='word_1_241' title='bbox 1111 1553 1152 1590; x_wconf 90' lang='lat' dir='ltr'><strong>et</strong></span> <span class='ocrx_word' id='word_1_242' title='bbox 1180 1564 1393 1602; x_wconf 88' lang='lat' dir='ltr'><strong>procerum</strong></span> <span class='ocrx_word' id='word_1_243' title='bbox 1423 1564 1623 1599; x_wconf 83' lang='lat' dir='ltr'><strong>meorum,</strong></span> <span class='ocrx_word' id='word_1_244' title='bbox 1655 1551 1785 1589; x_wconf 91' lang='lat' dir='ltr'><strong>michi</strong></span> <span class='ocrx_word' id='word_1_245' title='bbox 1817 1553 1857 1589; x_wconf 90' lang='lat' dir='ltr'><strong>et</strong></span> <span class='ocrx_word' id='word_1_246' title='bbox 1891 1551 2070 1589; x_wconf 83' lang='lat' dir='ltr'><strong>Roberto</strong></span> <span class='ocrx_word' id='word_1_247' title='bbox 2105 1551 2295 1601; x_wconf 90' lang='lat' dir='ltr'><strong>episcopo</strong></span> 
     </span>
     <span class='ocr_line' id='line_1_32' title="bbox 375 1604 2292 1654; baseline 0.001 -13"><span class='ocrx_word' id='word_1_248' title='bbox 375 1604 656 1643; x_wconf 89' lang='lat' dir='ltr'><strong>Lincolniensi</strong></span> <span class='ocrx_word' id='word_1_249' title='bbox 690 1607 730 1643; x_wconf 92' lang='lat' dir='ltr'><strong>et</strong></span> <span class='ocrx_word' id='word_1_250' title='bbox 763 1606 1063 1644; x_wconf 88' lang='lat' dir='ltr'><strong>successoribus</strong></span> <span class='ocrx_word' id='word_1_251' title='bbox 1092 1606 1191 1644; x_wconf 81' lang='lat' dir='ltr'><strong>eius,</strong></span> <span class='ocrx_word' id='word_1_252' title='bbox 1261 1605 1399 1643; x_wconf 90' lang='lat' dir='ltr'><strong>Huius</strong></span> <span class='ocrx_word' id='word_1_253' title='bbox 1427 1606 1566 1643; x_wconf 85' lang='lat' dir='ltr'><strong>autern</strong></span> <span class='ocrx_word' id='word_1_254' title='bbox 1597 1605 1829 1654; x_wconf 90' lang='lat' dir='ltr'><strong>calumpnie</strong></span> <span class='ocrx_word' id='word_1_255' title='bbox 1858 1605 2188 1654; x_wconf 89' lang='lat' dir='ltr'><strong>redempcionem</strong></span> <span class='ocrx_word' id='word_1_256' title='bbox 2216 1605 2292 1643; x_wconf 87' lang='lat' dir='ltr'><strong>feci</strong></span> 
     </span>
     <span class='ocr_line' id='line_1_33' title="bbox 375 1658 2295 1709; baseline 0.001 -13"><span class='ocrx_word' id='word_1_257' title='bbox 375 1671 449 1707; x_wconf 85' lang='lat' dir='ltr'><strong>ego</strong></span> <span class='ocrx_word' id='word_1_258' title='bbox 476 1659 609 1708; x_wconf 87' lang='lat' dir='ltr'><strong>gracia</strong></span> <span class='ocrx_word' id='word_1_259' title='bbox 634 1658 817 1698; x_wconf 90' lang='lat' dir='ltr'><strong>eiusdem</strong></span> <span class='ocrx_word' id='word_1_260' title='bbox 847 1660 1018 1698; x_wconf 85' lang='lat' dir='ltr'><strong>Roberti</strong></span> <span class='ocrx_word' id='word_1_261' title='bbox 1047 1659 1235 1709; x_wconf 84' lang='lat' dir='ltr'><strong>episcopi,</strong></span> <span class='ocrx_word' id='word_1_262' title='bbox 1265 1658 1360 1709; x_wconf 89' lang='lat' dir='ltr'><strong>quia</strong></span> <span class='ocrx_word' id='word_1_263' title='bbox 1389 1659 1654 1697; x_wconf 88' lang='lat' dir='ltr'><strong>cancellarius</strong></span> <span class='ocrx_word' id='word_1_264' title='bbox 1681 1672 1798 1697; x_wconf 88' lang='lat' dir='ltr'><strong>meus</strong></span> <span class='ocrx_word' id='word_1_265' title='bbox 1827 1658 2031 1697; x_wconf 86' lang='lat' dir='ltr'><strong>extiterat.</strong></span> <span class='ocrx_word' id='word_1_266' title='bbox 2103 1659 2295 1698; x_wconf 82' lang='lat' dir='ltr'><strong>Testibus</strong></span> 
     </span>
     <span class='ocr_line' id='line_1_34' title="bbox 375 1712 2296 1763; baseline 0.001 -13"><span class='ocrx_word' id='word_1_267' title='bbox 375 1712 592 1750; x_wconf 88' lang='lat' dir='ltr'><strong>Willelmo</strong></span> <span class='ocrx_word' id='word_1_268' title='bbox 612 1726 715 1762; x_wconf 87' lang='lat' dir='ltr'><strong>rege,</strong></span> <span class='ocrx_word' id='word_1_269' title='bbox 738 1713 898 1752; x_wconf 87' lang='lat' dir='ltr'><strong>Thoma</strong></span> <span class='ocrx_word' id='word_1_270' title='bbox 916 1713 1244 1763; x_wconf 87' lang='lat' dir='ltr'><strong>Archiepiscopo‚</strong></span> <span class='ocrx_word' id='word_1_271' title='bbox 1269 1714 1391 1752; x_wconf 88' lang='lat' dir='ltr'><strong>Ebor&#39;</strong></span> <span class='ocrx_word' id='word_1_272' title='bbox 1410 1713 1674 1752; x_wconf 86' lang='lat' dir='ltr'><strong>Walchelino</strong></span> <span class='ocrx_word' id='word_1_273' title='bbox 1698 1713 1889 1762; x_wconf 91' lang='lat' dir='ltr'><strong>episcopo</strong></span> <span class='ocrx_word' id='word_1_274' title='bbox 1908 1712 2056 1760; x_wconf 64' lang='lat' dir='ltr'><strong>Wint„</strong></span> <span class='ocrx_word' id='word_1_275' title='bbox 2077 1712 2296 1751; x_wconf 90' lang='lat' dir='ltr'><strong>Willelmo</strong></span> 
     </span>
     <span class='ocr_line' id='line_1_35' title="bbox 376 1767 2076 1817; baseline 0.001 -13"><span class='ocrx_word' id='word_1_276' title='bbox 376 1767 564 1816; x_wconf 89' lang='lat' dir='ltr'><strong>episcopo</strong></span> <span class='ocrx_word' id='word_1_277' title='bbox 584 1767 787 1815; x_wconf 83' lang='lat' dir='ltr'><strong>Dunelm’,</strong></span> <span class='ocrx_word' id='word_1_278' title='bbox 807 1768 1008 1806; x_wconf 88' lang='lat' dir='ltr'><strong>Anselmo</strong></span> <span class='ocrx_word' id='word_1_279' title='bbox 1026 1768 1347 1817; x_wconf 87' lang='lat' dir='ltr'><strong>Archiepiscopo</strong></span> <span class='ocrx_word' id='word_1_280' title='bbox 1367 1767 1493 1815; x_wconf 86' lang='lat' dir='ltr'><strong>Cant’,</strong></span> <span class='ocrx_word' id='word_1_281' title='bbox 1518 1767 1733 1805; x_wconf 86' lang='lat' dir='ltr'><strong>Gundulfo</strong></span> <span class='ocrx_word' id='word_1_282' title='bbox 1751 1767 1939 1817; x_wconf 88' lang='lat' dir='ltr'><strong>episcopo</strong></span> <span class='ocrx_word' id='word_1_283' title='bbox 1960 1767 2076 1805; x_wconf 83' lang='lat' dir='ltr'><strong>Roff’.</strong></span> 
     </span>
    </p>
   </div>
   <div class='ocr_carea' id='block_1_9' title="bbox 423 1835 2296 1928">
    <p class='ocr_par' dir='ltr' id='par_1_9' title="bbox 423 1835 2296 1928">
     <span class='ocr_line' id='line_1_36' title="bbox 423 1835 2296 1928; baseline 0.001 -59"><span class='ocrx_word' id='word_1_284' title='bbox 423 1835 550 1917; x_wconf 45' lang='lat' dir='ltr'><strong>[Libefi</strong></span> <span class='ocrx_word' id='word_1_285' title='bbox 565 1836 682 1928; x_wconf 67' lang='lat' dir='ltr'><strong>Al5blu]s</strong></span> <span class='ocrx_word' id='word_1_286' title='bbox 702 1836 818 1881; x_wconf 87' lang='lat' dir='ltr'><strong>(York</strong></span> <span class='ocrx_word' id='word_1_287' title='bbox 830 1837 1030 1872; x_wconf 82' lang='lat' dir='ltr'><strong>Cathcdral</strong></span> <span class='ocrx_word' id='word_1_288' title='bbox 1046 1837 1229 1882; x_wconf 53' lang='lat' dir='ltr'><strong>Libram),</strong></span> <span class='ocrx_word' id='word_1_289' title='bbox 1243 1842 1295 1882; x_wconf 88' lang='lat' dir='ltr'><strong>pt.</strong></span> <span class='ocrx_word' id='word_1_290' title='bbox 1316 1836 1363 1878; x_wconf 83' lang='grc' dir='ltr'><strong>ΙΙ,</strong></span> <span class='ocrx_word' id='word_1_291' title='bbox 1383 1837 1431 1871; x_wconf 88' lang='lat' dir='ltr'><strong>fo.</strong></span> <span class='ocrx_word' id='word_1_292' title='bbox 1449 1836 1471 1870; x_wconf 89' lang='lat'>4</span> <span class='ocrx_word' id='word_1_293' title='bbox 1483 1837 1502 1870; x_wconf 88' lang='lat' dir='ltr'><strong><em>b</em></strong></span> <span class='ocrx_word' id='word_1_294' title='bbox 1516 1835 1772 1881; x_wconf 88' lang='lat' dir='ltr'><strong>(incomplete)</strong></span> <span class='ocrx_word' id='word_1_295' title='bbox 1788 1850 1794 1878; x_wconf 89' lang='lat'><strong>;</strong></span> <span class='ocrx_word' id='word_1_296' title='bbox 1820 1836 1975 1872; x_wconf 83' lang='lat' dir='ltr'><strong>Charter</strong></span> <span class='ocrx_word' id='word_1_297' title='bbox 1992 1835 2087 1880; x_wconf 84' lang='lat' dir='ltr'><strong>Roll,</strong></span> <span class='ocrx_word' id='word_1_298' title='bbox 2102 1837 2123 1871; x_wconf 90' lang='lat'><strong>3</strong></span> <span class='ocrx_word' id='word_1_299' title='bbox 2142 1836 2206 1871; x_wconf 86' lang='lat' dir='ltr'><strong>Ed.</strong></span> <span class='ocrx_word' id='word_1_300' title='bbox 2227 1836 2296 1879; x_wconf 92' lang='lat' dir='ltr'><strong>III,</strong></span> 
     </span>
     <span class='ocr_line' id='line_1_37' title="bbox 552 1894 656 1919; baseline 0.01 -1"><span class='ocrx_word' id='word_1_301' title='bbox 552 1894 583 1918; x_wconf 92' lang='lat'><strong>0.</strong></span> <span class='ocrx_word' id='word_1_302' title='bbox 602 1906 609 1915; x_wconf 71' lang='lat'>‚</span> <span class='ocrx_word' id='word_1_303' title='bbox 650 1912 656 1919; x_wconf 94' lang='lat'><strong>.</strong></span> 
     </span>
    </p>
   </div>
   <div class='ocr_carea' id='block_1_10' title="bbox 1270 1959 1396 1997">
    <p class='ocr_par' dir='ltr' id='par_1_10' title="bbox 1270 1959 1396 1997">
     <span class='ocr_line' id='line_1_38' title="bbox 1270 1959 1396 1997; baseline 0 0"><span class='ocrx_word' id='word_1_304' title='bbox 1270 1959 1396 1997; x_wconf 86' lang='lat' dir='ltr'>LXII</span> 
     </span>
    </p>
   </div>
   <div class='ocr_carea' id='block_1_11' title="bbox 371 2030 2296 2631">
    <p class='ocr_par' dir='ltr' id='par_1_11' title="bbox 375 2030 2296 2134">
     <span class='ocr_line' id='line_1_39' title="bbox 375 2030 2296 2077; baseline 0 -11"><span class='ocrx_word' id='word_1_305' title='bbox 375 2031 574 2067; x_wconf 89' lang='lat' dir='ltr'><strong>William</strong></span> <span class='ocrx_word' id='word_1_306' title='bbox 602 2031 651 2067; x_wconf 90' lang='grc' dir='ltr'><strong>ΙΙ</strong></span> <span class='ocrx_word' id='word_1_307' title='bbox 674 2031 722 2067; x_wconf 87' lang='lat' dir='ltr'><strong>in</strong></span> <span class='ocrx_word' id='word_1_308' title='bbox 750 2032 909 2068; x_wconf 70' lang='lat' dir='ltr'><strong>favour</strong></span> <span class='ocrx_word' id='word_1_309' title='bbox 938 2032 987 2068; x_wconf 80' lang='lat' dir='ltr'><strong>of</strong></span> <span class='ocrx_word' id='word_1_310' title='bbox 1010 2032 1170 2077; x_wconf 87' lang='lat' dir='ltr'><strong>Ralph‚</strong></span> <span class='ocrx_word' id='word_1_311' title='bbox 1202 2030 1358 2077; x_wconf 72' lang='lat' dir='ltr'><strong>dapifer</strong></span> <span class='ocrx_word' id='word_1_312' title='bbox 1386 2031 1436 2067; x_wconf 87' lang='lat' dir='ltr'><strong>of</strong></span> <span class='ocrx_word' id='word_1_313' title='bbox 1458 2031 1535 2068; x_wconf 82' lang='lat' dir='ltr'><strong>the</strong></span> <span class='ocrx_word' id='word_1_314' title='bbox 1563 2031 1713 2068; x_wconf 76' lang='lat' dir='ltr'><strong>Abbot</strong></span> <span class='ocrx_word' id='word_1_315' title='bbox 1742 2031 1791 2067; x_wconf 87' lang='lat' dir='ltr'><strong>of</strong></span> <span class='ocrx_word' id='word_1_316' title='bbox 1814 2031 1940 2076; x_wconf 84' lang='lat' dir='ltr'><strong>Bury</strong></span> <span class='ocrx_word' id='word_1_317' title='bbox 1970 2031 2032 2068; x_wconf 85' lang='lat' dir='ltr'><strong>st.</strong></span> <span class='ocrx_word' id='word_1_318' title='bbox 2061 2031 2296 2067; x_wconf 86' lang='lat' dir='ltr'><strong>Edmunds</strong></span> 
     </span>
     <span class='ocr_line' id='line_1_40' title="bbox 1217 2082 1455 2134; baseline 0 -14"><span class='ocrx_word' id='word_1_319' title='bbox 1217 2082 1455 2134; x_wconf 56' lang='lat'>(1087—97)</span> 
     </span>
    </p>

    <p class='ocr_par' dir='ltr' id='par_1_12' title="bbox 371 2147 2296 2631">
     <span class='ocr_line' id='line_1_41' title="bbox 429 2147 2294 2198; baseline 0 -12"><span class='ocrx_word' id='word_1_320' title='bbox 429 2147 497 2187; x_wconf 90' lang='lat' dir='ltr'><strong>W.</strong></span> <span class='ocrx_word' id='word_1_321' title='bbox 515 2161 586 2187; x_wconf 82' lang='lat' dir='ltr'><strong>rex</strong></span> <span class='ocrx_word' id='word_1_322' title='bbox 601 2147 753 2198; x_wconf 87' lang='lat' dir='ltr'><strong>Anglie</strong></span> <span class='ocrx_word' id='word_1_323' title='bbox 772 2149 821 2187; x_wconf 85' lang='lat' dir='ltr'><strong>B.</strong></span> <span class='ocrx_word' id='word_1_324' title='bbox 837 2149 976 2187; x_wconf 88' lang='lat' dir='ltr'><strong>abbati</strong></span> <span class='ocrx_word' id='word_1_325' title='bbox 990 2149 1040 2187; x_wconf 93' lang='lat' dir='ltr'><strong>de</strong></span> <span class='ocrx_word' id='word_1_326' title='bbox 1056 2149 1205 2188; x_wconf 87' lang='lat' dir='ltr'><strong>Sancto</strong></span> <span class='ocrx_word' id='word_1_327' title='bbox 1220 2148 1443 2187; x_wconf 90' lang='lat' dir='ltr'><strong>Edmundo</strong></span> <span class='ocrx_word' id='word_1_328' title='bbox 1463 2149 1504 2186; x_wconf 91' lang='lat' dir='ltr'><strong>et</strong></span> <span class='ocrx_word' id='word_1_329' title='bbox 1523 2147 1577 2186; x_wconf 91' lang='lat' dir='ltr'><strong>H.</strong></span> <span class='ocrx_word' id='word_1_330' title='bbox 1598 2148 1819 2186; x_wconf 89' lang='lat' dir='ltr'><strong>camerario</strong></span> <span class='ocrx_word' id='word_1_331' title='bbox 1836 2149 1877 2185; x_wconf 88' lang='lat' dir='ltr'><strong>et</strong></span> <span class='ocrx_word' id='word_1_332' title='bbox 1893 2147 1947 2185; x_wconf 91' lang='lat' dir='ltr'><strong>H.</strong></span> <span class='ocrx_word' id='word_1_333' title='bbox 1965 2148 2014 2186; x_wconf 92' lang='lat' dir='ltr'><strong>de</strong></span> <span class='ocrx_word' id='word_1_334' title='bbox 2030 2147 2294 2186; x_wconf 87' lang='lat' dir='ltr'><strong>Bochelanda</strong></span> 
     </span>
     <span class='ocr_line' id='line_1_42' title="bbox 373 2201 2290 2252; baseline 0.001 -13"><span class='ocrx_word' id='word_1_335' title='bbox 373 2204 413 2240; x_wconf 89' lang='lat' dir='ltr'><strong>et</strong></span> <span class='ocrx_word' id='word_1_336' title='bbox 426 2203 620 2241; x_wconf 89' lang='lat' dir='ltr'><strong>omnibus</strong></span> <span class='ocrx_word' id='word_1_337' title='bbox 632 2203 854 2241; x_wconf 89' lang='lat' dir='ltr'><strong>baronibus</strong></span> <span class='ocrx_word' id='word_1_338' title='bbox 866 2203 953 2241; x_wconf 91' lang='lat' dir='ltr'><strong>suis</strong></span> <span class='ocrx_word' id='word_1_339' title='bbox 969 2203 1017 2242; x_wconf 93' lang='lat' dir='ltr'><strong>de</strong></span> <span class='ocrx_word' id='word_1_340' title='bbox 1031 2203 1148 2242; x_wconf 85' lang='lat' dir='ltr'><strong>Norf&#39;</strong></span> <span class='ocrx_word' id='word_1_341' title='bbox 1161 2206 1201 2241; x_wconf 91' lang='lat' dir='ltr'><strong>et</strong></span> <span class='ocrx_word' id='word_1_342' title='bbox 1217 2203 1318 2241; x_wconf 80' lang='lat' dir='ltr'><strong>Suff’</strong></span> <span class='ocrx_word' id='word_1_343' title='bbox 1331 2204 1371 2240; x_wconf 91' lang='lat' dir='ltr'><strong>et</strong></span> <span class='ocrx_word' id='word_1_344' title='bbox 1386 2202 1589 2240; x_wconf 88' lang='lat' dir='ltr'><strong>Bedeford</strong></span> <span class='ocrx_word' id='word_1_345' title='bbox 1606 2202 1741 2250; x_wconf 87' lang='lat' dir='ltr'><strong>shiris,</strong></span> <span class='ocrx_word' id='word_1_346' title='bbox 1758 2202 2026 2252; x_wconf 84' lang='lat' dir='ltr'><strong>Francigenis</strong></span> <span class='ocrx_word' id='word_1_347' title='bbox 2039 2204 2079 2239; x_wconf 90' lang='lat' dir='ltr'><strong>et</strong></span> <span class='ocrx_word' id='word_1_348' title='bbox 2092 2201 2290 2252; x_wconf 89' lang='lat' dir='ltr'><strong>Anglicis‚</strong></span> 
     </span>
     <span class='ocr_line' id='line_1_43' title="bbox 374 2256 2294 2306; baseline 0 -12"><span class='ocrx_word' id='word_1_349' title='bbox 374 2256 561 2294; x_wconf 90' lang='lat' dir='ltr'><strong>salutem.</strong></span> <span class='ocrx_word' id='word_1_350' title='bbox 607 2257 754 2295; x_wconf 87' lang='lat' dir='ltr'><strong>Sciatis</strong></span> <span class='ocrx_word' id='word_1_351' title='bbox 770 2270 836 2295; x_wconf 91' lang='lat' dir='ltr'><strong>me</strong></span> <span class='ocrx_word' id='word_1_352' title='bbox 851 2258 1097 2296; x_wconf 87' lang='lat' dir='ltr'><strong>concessisse</strong></span> <span class='ocrx_word' id='word_1_353' title='bbox 1114 2257 1292 2295; x_wconf 84' lang='lat' dir='ltr'><strong>Radulfo</strong></span> <span class='ocrx_word' id='word_1_354' title='bbox 1308 2257 1489 2306; x_wconf 87' lang='lat' dir='ltr'><strong>dapifero</strong></span> <span class='ocrx_word' id='word_1_355' title='bbox 1504 2256 1679 2306; x_wconf 89' lang='lat' dir='ltr'><strong>predicti</strong></span> <span class='ocrx_word' id='word_1_356' title='bbox 1694 2256 1872 2294; x_wconf 88' lang='lat' dir='ltr'><strong>Abbatis</strong></span> <span class='ocrx_word' id='word_1_357' title='bbox 1889 2261 2041 2294; x_wconf 86' lang='lat' dir='ltr'><strong>terram</strong></span> <span class='ocrx_word' id='word_1_358' title='bbox 2057 2256 2106 2294; x_wconf 89' lang='lat' dir='ltr'><strong>de</strong></span> <span class='ocrx_word' id='word_1_359' title='bbox 2122 2256 2294 2306; x_wconf 87' lang='lat' dir='ltr'><strong>Lidgate</strong></span> 
     </span>
     <span class='ocr_line' id='line_1_44' title="bbox 374 2309 2296 2360; baseline 0 -12"><span class='ocrx_word' id='word_1_360' title='bbox 374 2311 414 2348; x_wconf 87' lang='lat' dir='ltr'><strong>et</strong></span> <span class='ocrx_word' id='word_1_361' title='bbox 433 2310 482 2348; x_wconf 89' lang='lat' dir='ltr'><strong>de</strong></span> <span class='ocrx_word' id='word_1_362' title='bbox 502 2311 713 2349; x_wconf 88' lang='lat' dir='ltr'><strong>Blunham</strong></span> <span class='ocrx_word' id='word_1_363' title='bbox 733 2313 774 2349; x_wconf 91' lang='lat' dir='ltr'><strong>et</strong></span> <span class='ocrx_word' id='word_1_364' title='bbox 798 2311 993 2360; x_wconf 89' lang='lat' dir='ltr'><strong>quicquid</strong></span> <span class='ocrx_word' id='word_1_365' title='bbox 1015 2312 1065 2350; x_wconf 90' lang='lat' dir='ltr'><strong>ad</strong></span> <span class='ocrx_word' id='word_1_366' title='bbox 1092 2311 1208 2350; x_wconf 92' lang='lat' dir='ltr'><strong>illam</strong></span> <span class='ocrx_word' id='word_1_367' title='bbox 1237 2311 1428 2360; x_wconf 78' lang='lat' dir='ltr'><strong>pertinet,</strong></span> <span class='ocrx_word' id='word_1_368' title='bbox 1458 2310 1608 2348; x_wconf 90' lang='lat' dir='ltr'><strong>habere</strong></span> <span class='ocrx_word' id='word_1_369' title='bbox 1633 2311 1674 2348; x_wconf 91' lang='lat' dir='ltr'><strong>et</strong></span> <span class='ocrx_word' id='word_1_370' title='bbox 1700 2309 1750 2347; x_wconf 89' lang='lat' dir='ltr'><strong>de</strong></span> <span class='ocrx_word' id='word_1_371' title='bbox 1770 2309 1921 2348; x_wconf 86' lang='lat' dir='ltr'><strong>Sancto</strong></span> <span class='ocrx_word' id='word_1_372' title='bbox 1941 2310 2161 2348; x_wconf 88' lang='lat' dir='ltr'><strong>Edmundo</strong></span> <span class='ocrx_word' id='word_1_373' title='bbox 2183 2313 2223 2348; x_wconf 87' lang='lat' dir='ltr'><strong>et</strong></span> <span class='ocrx_word' id='word_1_374' title='bbox 2244 2310 2296 2348; x_wconf 89' lang='lat' dir='ltr'><strong>de</strong></span> 
     </span>
     <span class='ocr_line' id='line_1_45' title="bbox 372 2363 2292 2414; baseline 0 -12"><span class='ocrx_word' id='word_1_375' title='bbox 372 2363 518 2402; x_wconf 89' lang='lat' dir='ltr'><strong>abbate</strong></span> <span class='ocrx_word' id='word_1_376' title='bbox 546 2367 684 2403; x_wconf 89' lang='lat' dir='ltr'><strong>tenere</strong></span> <span class='ocrx_word' id='word_1_377' title='bbox 713 2367 800 2404; x_wconf 89' lang='lat' dir='ltr'><strong>tam</strong></span> <span class='ocrx_word' id='word_1_378' title='bbox 830 2365 934 2404; x_wconf 90' lang='lat' dir='ltr'><strong>bene</strong></span> <span class='ocrx_word' id='word_1_379' title='bbox 962 2379 1087 2414; x_wconf 90' lang='lat' dir='ltr'><strong>quam</strong></span> <span class='ocrx_word' id='word_1_380' title='bbox 1116 2378 1301 2414; x_wconf 90' lang='lat' dir='ltr'><strong>unquam</strong></span> <span class='ocrx_word' id='word_1_381' title='bbox 1330 2364 1481 2403; x_wconf 91' lang='lat' dir='ltr'><strong>melius</strong></span> <span class='ocrx_word' id='word_1_382' title='bbox 1509 2364 1643 2402; x_wconf 90' lang='lat' dir='ltr'><strong>tenuit</strong></span> <span class='ocrx_word' id='word_1_383' title='bbox 1672 2377 1745 2413; x_wconf 89' lang='lat' dir='ltr'><strong>per</strong></span> <span class='ocrx_word' id='word_1_384' title='bbox 1773 2377 1905 2402; x_wconf 91' lang='lat' dir='ltr'><strong>unum</strong></span> <span class='ocrx_word' id='word_1_385' title='bbox 1934 2364 2045 2402; x_wconf 90' lang='lat' dir='ltr'><strong>diem</strong></span> <span class='ocrx_word' id='word_1_386' title='bbox 2070 2364 2137 2402; x_wconf 91' lang='lat' dir='ltr'><strong>vel</strong></span> <span class='ocrx_word' id='word_1_387' title='bbox 2166 2377 2292 2402; x_wconf 88' lang='lat' dir='ltr'><strong>unam</strong></span> 
     </span>
     <span class='ocr_line' id='line_1_46' title="bbox 372 2418 2292 2468; baseline 0.001 -13"><span class='ocrx_word' id='word_1_388' title='bbox 372 2420 546 2456; x_wconf 89' lang='lat' dir='ltr'><strong>noctem.</strong></span> <span class='ocrx_word' id='word_1_389' title='bbox 613 2419 667 2457; x_wconf 88' lang='lat' dir='ltr'><strong>Et</strong></span> <span class='ocrx_word' id='word_1_390' title='bbox 695 2419 731 2458; x_wconf 87' lang='lat' dir='ltr'><strong>si</strong></span> <span class='ocrx_word' id='word_1_391' title='bbox 758 2419 906 2468; x_wconf 88' lang='lat' dir='ltr'><strong>aliquis</strong></span> <span class='ocrx_word' id='word_1_392' title='bbox 934 2419 1086 2458; x_wconf 90' lang='lat' dir='ltr'><strong>iniuste</strong></span> <span class='ocrx_word' id='word_1_393' title='bbox 1117 2420 1165 2458; x_wconf 93' lang='lat' dir='ltr'><strong>de</strong></span> <span class='ocrx_word' id='word_1_394' title='bbox 1194 2420 1267 2457; x_wconf 89' lang='lat' dir='ltr'><strong>illa</strong></span> <span class='ocrx_word' id='word_1_395' title='bbox 1295 2421 1404 2457; x_wconf 90' lang='lat' dir='ltr'><strong>terra</strong></span> <span class='ocrx_word' id='word_1_396' title='bbox 1431 2418 1618 2456; x_wconf 89' lang='lat' dir='ltr'><strong>ablatum</strong></span> <span class='ocrx_word' id='word_1_397' title='bbox 1647 2420 1708 2456; x_wconf 87' lang='lat' dir='ltr'><strong>est</strong></span> <span class='ocrx_word' id='word_1_398' title='bbox 1736 2418 1913 2467; x_wconf 90' lang='lat' dir='ltr'><strong>precipio</strong></span> <span class='ocrx_word' id='word_1_399' title='bbox 1941 2420 1988 2456; x_wconf 92' lang='lat' dir='ltr'><strong>ut</strong></span> <span class='ocrx_word' id='word_1_400' title='bbox 2015 2420 2152 2456; x_wconf 92' lang='lat' dir='ltr'><strong>totum</strong></span> <span class='ocrx_word' id='word_1_401' title='bbox 2185 2418 2292 2457; x_wconf 91' lang='lat' dir='ltr'><strong>iuste</strong></span> 
     </span>
     <span class='ocr_line' id='line_1_47' title="bbox 372 2471 2291 2523; baseline 0.001 -14"><span class='ocrx_word' id='word_1_402' title='bbox 372 2471 577 2511; x_wconf 89' lang='lat' dir='ltr'><strong>reddatur.</strong></span> <span class='ocrx_word' id='word_1_403' title='bbox 637 2474 692 2512; x_wconf 74' lang='lat' dir='ltr'><strong>Et</strong></span> <span class='ocrx_word' id='word_1_404' title='bbox 706 2473 801 2512; x_wconf 80' lang='lat' dir='ltr'><strong>volo</strong></span> <span class='ocrx_word' id='word_1_405' title='bbox 823 2476 867 2512; x_wconf 90' lang='lat' dir='ltr'><strong>ut</strong></span> <span class='ocrx_word' id='word_1_406' title='bbox 886 2487 959 2523; x_wconf 89' lang='lat' dir='ltr'><strong>per</strong></span> <span class='ocrx_word' id='word_1_407' title='bbox 972 2487 1171 2523; x_wconf 87' lang='lat' dir='ltr'><strong>magnum</strong></span> <span class='ocrx_word' id='word_1_408' title='bbox 1192 2474 1392 2511; x_wconf 91' lang='lat' dir='ltr'><strong>honorem</strong></span> <span class='ocrx_word' id='word_1_409' title='bbox 1412 2472 1528 2510; x_wconf 89' lang='lat' dir='ltr'><strong>illam</strong></span> <span class='ocrx_word' id='word_1_410' title='bbox 1543 2474 1689 2520; x_wconf 88' lang='lat' dir='ltr'><strong>teneat,</strong></span> <span class='ocrx_word' id='word_1_411' title='bbox 1710 2474 1750 2510; x_wconf 90' lang='lat' dir='ltr'><strong>et</strong></span> <span class='ocrx_word' id='word_1_412' title='bbox 1765 2472 1861 2510; x_wconf 92' lang='lat' dir='ltr'><strong>nolo</strong></span> <span class='ocrx_word' id='word_1_413' title='bbox 1877 2474 1923 2509; x_wconf 90' lang='lat' dir='ltr'><strong>ut</strong></span> <span class='ocrx_word' id='word_1_414' title='bbox 1937 2472 2059 2511; x_wconf 89' lang='lat' dir='ltr'><strong>alicui</strong></span> <span class='ocrx_word' id='word_1_415' title='bbox 2074 2472 2291 2522; x_wconf 87' lang='lat' dir='ltr'><strong>quicquam</strong></span> 
     </span>
     <span class='ocr_line' id='line_1_48' title="bbox 371 2526 2293 2577; baseline 0.001 -14"><span class='ocrx_word' id='word_1_416' title='bbox 371 2527 611 2576; x_wconf 88' lang='lat' dir='ltr'><strong>respondeat</strong></span> <span class='ocrx_word' id='word_1_417' title='bbox 630 2527 738 2574; x_wconf 86' lang='lat' dir='ltr'><strong>inde,</strong></span> <span class='ocrx_word' id='word_1_418' title='bbox 764 2528 845 2566; x_wconf 87' lang='lat' dir='ltr'><strong>nisi</strong></span> <span class='ocrx_word' id='word_1_419' title='bbox 867 2541 941 2577; x_wconf 84' lang='lat' dir='ltr'><strong>ego</strong></span> <span class='ocrx_word' id='word_1_420' title='bbox 965 2528 1147 2577; x_wconf 88' lang='lat' dir='ltr'><strong>precipio</strong></span> <span class='ocrx_word' id='word_1_421' title='bbox 1166 2528 1232 2566; x_wconf 89' lang='lat' dir='ltr'><strong>vel</strong></span> <span class='ocrx_word' id='word_1_422' title='bbox 1256 2527 1381 2565; x_wconf 88' lang='lat' dir='ltr'><strong>abbas</strong></span> <span class='ocrx_word' id='word_1_423' title='bbox 1402 2526 1596 2565; x_wconf 90' lang='lat' dir='ltr'><strong>dominus</strong></span> <span class='ocrx_word' id='word_1_424' title='bbox 1615 2539 1724 2564; x_wconf 89' lang='lat' dir='ltr'><strong>suus.</strong></span> <span class='ocrx_word' id='word_1_425' title='bbox 1784 2526 1828 2564; x_wconf 82' lang='lat' dir='ltr'><strong>T.</strong></span> <span class='ocrx_word' id='word_1_426' title='bbox 1849 2526 2013 2565; x_wconf 89' lang='lat' dir='ltr'><strong>Walch.</strong></span> <span class='ocrx_word' id='word_1_427' title='bbox 2036 2527 2222 2576; x_wconf 90' lang='lat' dir='ltr'><strong>episcopo</strong></span> <span class='ocrx_word' id='word_1_428' title='bbox 2242 2527 2293 2564; x_wconf 89' lang='lat' dir='ltr'><strong>de</strong></span> 
     </span>
     <span class='ocr_line' id='line_1_49' title="bbox 371 2579 1843 2631; baseline 0.002 -14"><span class='ocrx_word' id='word_1_429' title='bbox 371 2579 597 2619; x_wconf 50' lang='lat' dir='ltr'><strong>NVincestr’</strong></span> <span class='ocrx_word' id='word_1_430' title='bbox 618 2584 658 2619; x_wconf 91' lang='lat' dir='ltr'><strong>et</strong></span> <span class='ocrx_word' id='word_1_431' title='bbox 678 2581 828 2620; x_wconf 90' lang='lat' dir='ltr'><strong>comite</strong></span> <span class='ocrx_word' id='word_1_432' title='bbox 848 2582 898 2619; x_wconf 94' lang='lat' dir='ltr'><strong>de</strong></span> <span class='ocrx_word' id='word_1_433' title='bbox 917 2582 1089 2620; x_wconf 89' lang='lat' dir='ltr'><strong>Mellent</strong></span> <span class='ocrx_word' id='word_1_434' title='bbox 1108 2584 1150 2620; x_wconf 91' lang='lat' dir='ltr'><strong>et</strong></span> <span class='ocrx_word' id='word_1_435' title='bbox 1170 2581 1303 2620; x_wconf 87' lang='lat' dir='ltr'><strong>Rann’</strong></span> <span class='ocrx_word' id='word_1_436' title='bbox 1323 2581 1534 2631; x_wconf 88' lang='lat' dir='ltr'><strong>capellano</strong></span> <span class='ocrx_word' id='word_1_437' title='bbox 1554 2581 1602 2619; x_wconf 92' lang='lat' dir='ltr'><strong>de</strong></span> <span class='ocrx_word' id='word_1_438' title='bbox 1623 2580 1843 2620; x_wconf 88' lang='lat' dir='ltr'><strong>BainardO.</strong></span> 
     </span>
    </p>
   </div>
   <div class='ocr_carea' id='block_1_12' title="bbox 418 2649 1042 2695">
    <p class='ocr_par' dir='ltr' id='par_1_13' title="bbox 418 2649 1042 2695">
     <span class='ocr_line' id='line_1_50' title="bbox 418 2649 1042 2695; baseline 0.005 -13"><span class='ocrx_word' id='word_1_439' title='bbox 418 2649 1042 2695; x_wconf 34' lang='lat' dir='ltr'><strong>[iiir.Add.nAES.14848,f0.32]</strong></span> 
     </span>
    </p>
   </div>
   <div class='ocr_carea' id='block_1_13' title="bbox 1259 2725 1408 2764">
    <p class='ocr_par' dir='ltr' id='par_1_14' title="bbox 1259 2725 1408 2764">
     <span class='ocr_line' id='line_1_51' title="bbox 1259 2725 1408 2764; baseline -0.007 0"><span class='ocrx_word' id='word_1_440' title='bbox 1259 2725 1408 2764; x_wconf 89' lang='lat' dir='ltr'>LXIII</span> 
     </span>
    </p>
   </div>
   <div class='ocr_carea' id='block_1_14' title="bbox 366 2797 2290 3400">
    <p class='ocr_par' dir='ltr' id='par_1_15' title="bbox 370 2797 2290 2901">
     <span class='ocr_line' id='line_1_52' title="bbox 370 2797 2290 2843; baseline 0 -10"><span class='ocrx_word' id='word_1_441' title='bbox 370 2797 569 2834; x_wconf 84' lang='lat' dir='ltr'><strong>William</strong></span> <span class='ocrx_word' id='word_1_442' title='bbox 597 2798 646 2833; x_wconf 90' lang='grc' dir='ltr'><strong>ΙΙ</strong></span> <span class='ocrx_word' id='word_1_443' title='bbox 674 2798 722 2833; x_wconf 87' lang='lat' dir='ltr'><strong>in</strong></span> <span class='ocrx_word' id='word_1_444' title='bbox 752 2799 913 2834; x_wconf 85' lang='lat' dir='ltr'><strong>favour</strong></span> <span class='ocrx_word' id='word_1_445' title='bbox 943 2799 992 2834; x_wconf 84' lang='lat' dir='ltr'><strong>of</strong></span> <span class='ocrx_word' id='word_1_446' title='bbox 1013 2799 1163 2834; x_wconf 87' lang='lat' dir='ltr'><strong>Abbot</strong></span> <span class='ocrx_word' id='word_1_447' title='bbox 1189 2798 1394 2834; x_wconf 85' lang='lat' dir='ltr'><strong>Baldwin</strong></span> <span class='ocrx_word' id='word_1_448' title='bbox 1423 2798 1472 2834; x_wconf 87' lang='lat' dir='ltr'><strong>of</strong></span> <span class='ocrx_word' id='word_1_449' title='bbox 1496 2798 1620 2843; x_wconf 82' lang='lat' dir='ltr'><strong>Bury</strong></span> <span class='ocrx_word' id='word_1_450' title='bbox 1647 2798 1709 2834; x_wconf 81' lang='lat' dir='ltr'><strong>st.</strong></span> <span class='ocrx_word' id='word_1_451' title='bbox 1736 2797 1984 2841; x_wconf 86' lang='lat' dir='ltr'><strong>Edmunds‚</strong></span> <span class='ocrx_word' id='word_1_452' title='bbox 2016 2797 2290 2842; x_wconf 83' lang='lat' dir='ltr'><strong>concerning</strong></span> 
     </span>
     <span class='ocr_line' id='line_1_53' title="bbox 1093 2848 1569 2901; baseline 0 -13"><span class='ocrx_word' id='word_1_453' title='bbox 1093 2853 1163 2888; x_wconf 76' lang='lat' dir='ltr'><strong>his</strong></span> <span class='ocrx_word' id='word_1_454' title='bbox 1191 2852 1306 2888; x_wconf 83' lang='lat' dir='ltr'><strong>mint</strong></span> <span class='ocrx_word' id='word_1_455' title='bbox 1334 2848 1569 2901; x_wconf 84' lang='lat'><strong>(1087-97).</strong></span> 
     </span>
    </p>

    <p class='ocr_par' dir='ltr' id='par_1_16' title="bbox 366 2918 2288 3400">
     <span class='ocr_line' id='line_1_54' title="bbox 423 2918 2288 2969; baseline 0.002 -13"><span class='ocrx_word' id='word_1_456' title='bbox 423 2919 492 2957; x_wconf 90' lang='lat' dir='ltr'><strong>W.</strong></span> <span class='ocrx_word' id='word_1_457' title='bbox 519 2933 589 2957; x_wconf 78' lang='lat' dir='ltr'><strong>rex</strong></span> <span class='ocrx_word' id='word_1_458' title='bbox 617 2920 768 2969; x_wconf 84' lang='lat' dir='ltr'><strong>Anglie</strong></span> <span class='ocrx_word' id='word_1_459' title='bbox 797 2918 850 2957; x_wconf 94' lang='lat' dir='ltr'><strong>H.</strong></span> <span class='ocrx_word' id='word_1_460' title='bbox 876 2919 925 2958; x_wconf 92' lang='lat' dir='ltr'><strong>de</strong></span> <span class='ocrx_word' id='word_1_461' title='bbox 954 2921 1120 2959; x_wconf 87' lang='lat' dir='ltr'><strong>Fereres</strong></span> <span class='ocrx_word' id='word_1_462' title='bbox 1147 2922 1189 2958; x_wconf 93' lang='lat' dir='ltr'><strong>et</strong></span> <span class='ocrx_word' id='word_1_463' title='bbox 1219 2920 1266 2958; x_wconf 87' lang='lat' dir='ltr'><strong>G.</strong></span> <span class='ocrx_word' id='word_1_464' title='bbox 1298 2920 1478 2968; x_wconf 87' lang='lat' dir='ltr'><strong>dapifero</strong></span> <span class='ocrx_word' id='word_1_465' title='bbox 1506 2921 1547 2958; x_wconf 92' lang='lat' dir='ltr'><strong>et</strong></span> <span class='ocrx_word' id='word_1_466' title='bbox 1577 2919 1794 2958; x_wconf 81' lang='lat' dir='ltr'><strong>Goscelino</strong></span> <span class='ocrx_word' id='word_1_467' title='bbox 1822 2921 1863 2957; x_wconf 91' lang='lat' dir='ltr'><strong>et</strong></span> <span class='ocrx_word' id='word_1_468' title='bbox 1891 2919 2098 2958; x_wconf 89' lang='lat' dir='ltr'><strong>ministris</strong></span> <span class='ocrx_word' id='word_1_469' title='bbox 2125 2919 2212 2958; x_wconf 89' lang='lat' dir='ltr'><strong>suis</strong></span> <span class='ocrx_word' id='word_1_470' title='bbox 2239 2921 2288 2959; x_wconf 86' lang='lat' dir='ltr'><strong>de</strong></span> 
     </span>
     <span class='ocr_line' id='line_1_55' title="bbox 371 2973 2287 3024; baseline 0.001 -14"><span class='ocrx_word' id='word_1_471' title='bbox 371 2973 536 3011; x_wconf 76' lang='lat' dir='ltr'><strong>Northf·</strong></span> <span class='ocrx_word' id='word_1_472' title='bbox 554 2977 594 3012; x_wconf 90' lang='lat' dir='ltr'><strong>et</strong></span> <span class='ocrx_word' id='word_1_473' title='bbox 615 2974 663 3012; x_wconf 91' lang='lat' dir='ltr'><strong>de</strong></span> <span class='ocrx_word' id='word_1_474' title='bbox 686 2974 788 3012; x_wconf 81' lang='lat' dir='ltr'><strong>Suff’</strong></span> <span class='ocrx_word' id='word_1_475' title='bbox 807 2974 995 3012; x_wconf 89' lang='lat' dir='ltr'><strong>salutem.</strong></span> <span class='ocrx_word' id='word_1_476' title='bbox 1050 2974 1237 3024; x_wconf 88' lang='lat' dir='ltr'><strong>Precipio</strong></span> <span class='ocrx_word' id='word_1_477' title='bbox 1256 2974 1375 3012; x_wconf 85' lang='lat' dir='ltr'><strong>vobis</strong></span> <span class='ocrx_word' id='word_1_478' title='bbox 1401 2976 1635 3012; x_wconf 86' lang='lat' dir='ltr'><strong>constanter</strong></span> <span class='ocrx_word' id='word_1_479' title='bbox 1654 2976 1699 3011; x_wconf 93' lang='lat' dir='ltr'><strong>ut</strong></span> <span class='ocrx_word' id='word_1_480' title='bbox 1715 2973 1873 3012; x_wconf 89' lang='lat' dir='ltr'><strong>faciatis</strong></span> <span class='ocrx_word' id='word_1_481' title='bbox 1887 2973 1995 3023; x_wconf 86' lang='lat' dir='ltr'><strong>quod</strong></span> <span class='ocrx_word' id='word_1_482' title='bbox 2010 2973 2287 3023; x_wconf 79' lang='lat' dir='ltr'><strong>Baldewynus</strong></span> 
     </span>
     <span class='ocr_line' id='line_1_56' title="bbox 368 3027 2287 3066; baseline 0.001 -1"><span class='ocrx_word' id='word_1_483' title='bbox 368 3027 493 3066; x_wconf 79' lang='lat' dir='ltr'><strong>abbas</strong></span> <span class='ocrx_word' id='word_1_484' title='bbox 521 3028 570 3066; x_wconf 93' lang='lat' dir='ltr'><strong>de</strong></span> <span class='ocrx_word' id='word_1_485' title='bbox 598 3028 748 3066; x_wconf 88' lang='lat' dir='ltr'><strong>Sancto</strong></span> <span class='ocrx_word' id='word_1_486' title='bbox 776 3028 999 3066; x_wconf 89' lang='lat' dir='ltr'><strong>Edmundo</strong></span> <span class='ocrx_word' id='word_1_487' title='bbox 1026 3029 1156 3066; x_wconf 86' lang='lat' dir='ltr'><strong>terras</strong></span> <span class='ocrx_word' id='word_1_488' title='bbox 1183 3041 1277 3066; x_wconf 85' lang='lat' dir='ltr'><strong>suas</strong></span> <span class='ocrx_word' id='word_1_489' title='bbox 1305 3040 1446 3066; x_wconf 84' lang='lat' dir='ltr'><strong>omnes</strong></span> <span class='ocrx_word' id='word_1_490' title='bbox 1475 3030 1516 3065; x_wconf 91' lang='lat' dir='ltr'><strong>et</strong></span> <span class='ocrx_word' id='word_1_491' title='bbox 1543 3041 1686 3066; x_wconf 89' lang='lat' dir='ltr'><strong>omnes</strong></span> <span class='ocrx_word' id='word_1_492' title='bbox 1714 3027 2034 3066; x_wconf 89' lang='lat' dir='ltr'><strong>consuetudines</strong></span> <span class='ocrx_word' id='word_1_493' title='bbox 2058 3040 2153 3066; x_wconf 85' lang='lat' dir='ltr'><strong>suas</strong></span> <span class='ocrx_word' id='word_1_494' title='bbox 2178 3028 2287 3066; x_wconf 84' lang='lat' dir='ltr'><strong>infra</strong></span> 
     </span>
     <span class='ocr_line' id='line_1_57' title="bbox 368 3081 2284 3131; baseline 0.001 -13"><span class='ocrx_word' id='word_1_495' title='bbox 368 3081 544 3131; x_wconf 87' lang='lat' dir='ltr'><strong>burgum</strong></span> <span class='ocrx_word' id='word_1_496' title='bbox 564 3083 604 3119; x_wconf 93' lang='lat' dir='ltr'><strong>et</strong></span> <span class='ocrx_word' id='word_1_497' title='bbox 625 3084 749 3130; x_wconf 87' lang='lat' dir='ltr'><strong>extra,</strong></span> <span class='ocrx_word' id='word_1_498' title='bbox 766 3083 807 3120; x_wconf 90' lang='lat' dir='ltr'><strong>et</strong></span> <span class='ocrx_word' id='word_1_499' title='bbox 821 3082 870 3120; x_wconf 89' lang='lat' dir='ltr'><strong>de</strong></span> <span class='ocrx_word' id='word_1_500' title='bbox 891 3082 1118 3120; x_wconf 89' lang='lat' dir='ltr'><strong>monetario</strong></span> <span class='ocrx_word' id='word_1_501' title='bbox 1138 3083 1179 3120; x_wconf 91' lang='lat' dir='ltr'><strong>et</strong></span> <span class='ocrx_word' id='word_1_502' title='bbox 1198 3082 1247 3120; x_wconf 91' lang='lat' dir='ltr'><strong>de</strong></span> <span class='ocrx_word' id='word_1_503' title='bbox 1266 3082 1590 3126; x_wconf 87' lang='lat' dir='ltr'><strong>cambiatoribus,</strong></span> <span class='ocrx_word' id='word_1_504' title='bbox 1607 3081 1753 3119; x_wconf 88' lang='lat' dir='ltr'><strong>habeat</strong></span> <span class='ocrx_word' id='word_1_505' title='bbox 1768 3082 1874 3120; x_wconf 84' lang='lat' dir='ltr'><strong>sicut</strong></span> <span class='ocrx_word' id='word_1_506' title='bbox 1893 3081 1979 3130; x_wconf 88' lang='lat' dir='ltr'><strong>ipse</strong></span> <span class='ocrx_word' id='word_1_507' title='bbox 1999 3081 2083 3119; x_wconf 92' lang='lat' dir='ltr'><strong>illis</strong></span> <span class='ocrx_word' id='word_1_508' title='bbox 2101 3095 2284 3131; x_wconf 89' lang='lat' dir='ltr'><strong>unquam</strong></span> 
     </span>
     <span class='ocr_line' id='line_1_58' title="bbox 368 3135 2283 3185; baseline 0.001 -13"><span class='ocrx_word' id='word_1_509' title='bbox 368 3136 516 3174; x_wconf 89' lang='lat' dir='ltr'><strong>melius</strong></span> <span class='ocrx_word' id='word_1_510' title='bbox 535 3136 712 3185; x_wconf 83' lang='lat' dir='ltr'><strong>saysitus</strong></span> <span class='ocrx_word' id='word_1_511' title='bbox 731 3137 816 3174; x_wconf 85' lang='lat' dir='ltr'><strong>erat</strong></span> <span class='ocrx_word' id='word_1_512' title='bbox 835 3136 879 3174; x_wconf 93' lang='lat' dir='ltr'><strong>in</strong></span> <span class='ocrx_word' id='word_1_513' title='bbox 899 3136 1081 3185; x_wconf 89' lang='lat' dir='ltr'><strong>predicto</strong></span> <span class='ocrx_word' id='word_1_514' title='bbox 1101 3139 1283 3185; x_wconf 90' lang='lat' dir='ltr'><strong>tempore</strong></span> <span class='ocrx_word' id='word_1_515' title='bbox 1304 3136 1410 3185; x_wconf 85' lang='lat' dir='ltr'><strong>regis</strong></span> <span class='ocrx_word' id='word_1_516' title='bbox 1432 3135 1625 3173; x_wconf 87' lang='lat' dir='ltr'><strong>Edwardi</strong></span> <span class='ocrx_word' id='word_1_517' title='bbox 1648 3137 1687 3173; x_wconf 87' lang='lat' dir='ltr'><strong>et</strong></span> <span class='ocrx_word' id='word_1_518' title='bbox 1706 3138 1890 3185; x_wconf 84' lang='lat' dir='ltr'><strong>tempore</strong></span> <span class='ocrx_word' id='word_1_519' title='bbox 1918 3135 2047 3185; x_wconf 88' lang='lat' dir='ltr'><strong>patris</strong></span> <span class='ocrx_word' id='word_1_520' title='bbox 2076 3135 2171 3173; x_wconf 91' lang='lat' dir='ltr'><strong>mei.</strong></span> <span class='ocrx_word' id='word_1_521' title='bbox 2229 3136 2283 3173; x_wconf 88' lang='lat' dir='ltr'><strong>Et</strong></span> 
     </span>
     <span class='ocr_line' id='line_1_59' title="bbox 368 3187 2283 3241; baseline 0.001 -15"><span class='ocrx_word' id='word_1_522' title='bbox 368 3188 458 3226; x_wconf 86' lang='lat' dir='ltr'><strong>volo</strong></span> <span class='ocrx_word' id='word_1_523' title='bbox 480 3192 525 3227; x_wconf 91' lang='lat' dir='ltr'><strong>ut</strong></span> <span class='ocrx_word' id='word_1_524' title='bbox 552 3190 601 3228; x_wconf 93' lang='lat' dir='ltr'><strong>de</strong></span> <span class='ocrx_word' id='word_1_525' title='bbox 620 3190 812 3228; x_wconf 89' lang='lat' dir='ltr'><strong>omnibus</strong></span> <span class='ocrx_word' id='word_1_526' title='bbox 837 3189 1032 3239; x_wconf 86' lang='lat' dir='ltr'><strong>predictis</strong></span> <span class='ocrx_word' id='word_1_527' title='bbox 1062 3191 1185 3228; x_wconf 90' lang='lat' dir='ltr'><strong>rebus</strong></span> <span class='ocrx_word' id='word_1_528' title='bbox 1211 3190 1431 3228; x_wconf 89' lang='lat' dir='ltr'><strong>resaisiatis</strong></span> <span class='ocrx_word' id='word_1_529' title='bbox 1454 3187 1589 3241; x_wconf 88' lang='lat' dir='ltr'><strong>[eum]</strong></span> <span class='ocrx_word' id='word_1_530' title='bbox 1613 3189 1719 3226; x_wconf 87' lang='lat' dir='ltr'><strong>sicut</strong></span> <span class='ocrx_word' id='word_1_531' title='bbox 1743 3189 1895 3227; x_wconf 89' lang='lat' dir='ltr'><strong>melius</strong></span> <span class='ocrx_word' id='word_1_532' title='bbox 1921 3190 2100 3239; x_wconf 88' lang='lat' dir='ltr'><strong>saysitus</strong></span> <span class='ocrx_word' id='word_1_533' title='bbox 2127 3191 2214 3227; x_wconf 87' lang='lat' dir='ltr'><strong>erat</strong></span> <span class='ocrx_word' id='word_1_534' title='bbox 2238 3189 2283 3227; x_wconf 93' lang='lat' dir='ltr'><strong>in</strong></span> 
     </span>
     <span class='ocr_line' id='line_1_60' title="bbox 366 3243 2278 3293; baseline 0.001 -14"><span class='ocrx_word' id='word_1_535' title='bbox 366 3243 550 3290; x_wconf 88' lang='lat' dir='ltr'><strong>predicto</strong></span> <span class='ocrx_word' id='word_1_536' title='bbox 578 3245 772 3293; x_wconf 87' lang='lat' dir='ltr'><strong>tempore.</strong></span> <span class='ocrx_word' id='word_1_537' title='bbox 844 3244 896 3281; x_wconf 85' lang='lat' dir='ltr'><strong>Et</strong></span> <span class='ocrx_word' id='word_1_538' title='bbox 928 3246 1068 3293; x_wconf 87' lang='lat' dir='ltr'><strong>postea</strong></span> <span class='ocrx_word' id='word_1_539' title='bbox 1103 3244 1137 3282; x_wconf 91' lang='lat' dir='ltr'><strong>si</strong></span> <span class='ocrx_word' id='word_1_540' title='bbox 1164 3243 1313 3293; x_wconf 89' lang='lat' dir='ltr'><strong>aliquis</strong></span> <span class='ocrx_word' id='word_1_541' title='bbox 1349 3244 1544 3282; x_wconf 88' lang='lat' dir='ltr'><strong>adversus</strong></span> <span class='ocrx_word' id='word_1_542' title='bbox 1582 3243 1770 3281; x_wconf 82' lang='lat' dir='ltr'><strong>abbatem</strong></span> <span class='ocrx_word' id='word_1_543' title='bbox 1802 3243 1958 3293; x_wconf 89' lang='lat' dir='ltr'><strong>aliquid</strong></span> <span class='ocrx_word' id='word_1_544' title='bbox 1987 3243 2278 3289; x_wconf 77' lang='lat' dir='ltr'><strong>reclamaverit,</strong></span> 
     </span>
     <span class='ocr_line' id='line_1_61' title="bbox 367 3296 2281 3347; baseline 0.001 -14"><span class='ocrx_word' id='word_1_545' title='bbox 367 3297 543 3334; x_wconf 89' lang='lat' dir='ltr'><strong>termino</strong></span> <span class='ocrx_word' id='word_1_546' title='bbox 573 3297 834 3335; x_wconf 87' lang='lat' dir='ltr'><strong>convenienti</strong></span> <span class='ocrx_word' id='word_1_547' title='bbox 863 3298 917 3336; x_wconf 90' lang='lat' dir='ltr'><strong>sit</strong></span> <span class='ocrx_word' id='word_1_548' title='bbox 945 3297 1042 3336; x_wconf 87' lang='lat' dir='ltr'><strong>inde</strong></span> <span class='ocrx_word' id='word_1_549' title='bbox 1072 3298 1123 3336; x_wconf 91' lang='lat' dir='ltr'><strong>ad</strong></span> <span class='ocrx_word' id='word_1_550' title='bbox 1152 3301 1323 3346; x_wconf 90' lang='lat' dir='ltr'><strong>rectum,</strong></span> <span class='ocrx_word' id='word_1_551' title='bbox 1359 3300 1399 3335; x_wconf 87' lang='lat' dir='ltr'><strong>et</strong></span> <span class='ocrx_word' id='word_1_552' title='bbox 1428 3297 1564 3336; x_wconf 87' lang='lat' dir='ltr'><strong>videte</strong></span> <span class='ocrx_word' id='word_1_553' title='bbox 1586 3297 1690 3335; x_wconf 85' lang='lat' dir='ltr'><strong>sicut</strong></span> <span class='ocrx_word' id='word_1_554' title='bbox 1718 3310 1783 3335; x_wconf 89' lang='lat' dir='ltr'><strong>me</strong></span> <span class='ocrx_word' id='word_1_555' title='bbox 1814 3297 1990 3347; x_wconf 90' lang='lat' dir='ltr'><strong>diligitis</strong></span> <span class='ocrx_word' id='word_1_556' title='bbox 2018 3299 2065 3335; x_wconf 91' lang='lat' dir='ltr'><strong>ut</strong></span> <span class='ocrx_word' id='word_1_557' title='bbox 2091 3296 2281 3335; x_wconf 85' lang='lat' dir='ltr'><strong>abbatem</strong></span> 
     </span>
     <span class='ocr_line' id='line_1_62' title="bbox 368 3349 2037 3400; baseline 0.002 -14"><span class='ocrx_word' id='word_1_558' title='bbox 368 3349 462 3387; x_wconf 89' lang='lat' dir='ltr'><strong>inde</strong></span> <span class='ocrx_word' id='word_1_559' title='bbox 491 3350 597 3388; x_wconf 87' lang='lat' dir='ltr'><strong>iuste</strong></span> <span class='ocrx_word' id='word_1_560' title='bbox 618 3353 657 3389; x_wconf 90' lang='lat' dir='ltr'><strong>et</strong></span> <span class='ocrx_word' id='word_1_561' title='bbox 678 3351 900 3389; x_wconf 89' lang='lat' dir='ltr'><strong>honorifice</strong></span> <span class='ocrx_word' id='word_1_562' title='bbox 920 3352 1130 3390; x_wconf 86' lang='lat' dir='ltr'><strong>retractari</strong></span> <span class='ocrx_word' id='word_1_563' title='bbox 1150 3351 1315 3390; x_wconf 89' lang='lat' dir='ltr'><strong>faciatis.</strong></span> <span class='ocrx_word' id='word_1_564' title='bbox 1376 3352 1421 3389; x_wconf 83' lang='lat' dir='ltr'><strong>T.</strong></span> <span class='ocrx_word' id='word_1_565' title='bbox 1446 3351 1625 3400; x_wconf 84' lang='lat' dir='ltr'><strong>Hugone</strong></span> <span class='ocrx_word' id='word_1_566' title='bbox 1645 3351 1694 3389; x_wconf 90' lang='lat' dir='ltr'><strong>de</strong></span> <span class='ocrx_word' id='word_1_567' title='bbox 1715 3351 2037 3389; x_wconf 84' lang='lat' dir='ltr'><strong>Grantenamilo.</strong></span> 
     </span>
    </p>
   </div>
   <div class='ocr_carea' id='block_1_15' title="bbox 415 3418 1582 3511">
    <p class='ocr_par' dir='ltr' id='par_1_17' title="bbox 415 3418 1582 3511">
     <span class='ocr_line' id='line_1_63' title="bbox 415 3418 1582 3465; baseline 0.002 -14"><span class='ocrx_word' id='word_1_568' title='bbox 415 3418 521 3462; x_wconf 86' lang='lat' dir='ltr'><strong>[Add.</strong></span> <span class='ocrx_word' id='word_1_569' title='bbox 542 3418 620 3453; x_wconf 84' lang='lat' dir='ltr'><strong>MS.</strong></span> <span class='ocrx_word' id='word_1_570' title='bbox 638 3420 765 3463; x_wconf 81' lang='lat'><strong>14847,</strong></span> <span class='ocrx_word' id='word_1_571' title='bbox 784 3420 832 3454; x_wconf 85' lang='lat' dir='ltr'><strong>fo.</strong></span> <span class='ocrx_word' id='word_1_572' title='bbox 852 3420 897 3454; x_wconf 80' lang='lat'><strong>38</strong></span> <span class='ocrx_word' id='word_1_573' title='bbox 914 3419 1065 3464; x_wconf 87' lang='lat' dir='ltr'><strong>(Album</strong></span> <span class='ocrx_word' id='word_1_574' title='bbox 1083 3419 1293 3465; x_wconf 86' lang='lat' dir='ltr'><strong>Registrum</strong></span> <span class='ocrx_word' id='word_1_575' title='bbox 1313 3419 1346 3455; x_wconf 85' lang='lat' dir='ltr'><strong>S.</strong></span> <span class='ocrx_word' id='word_1_576' title='bbox 1365 3418 1582 3463; x_wconf 86' lang='lat' dir='ltr'><strong>Edmundi).</strong></span> 
     </span>
     <span class='ocr_line' id='line_1_64' title="bbox 461 3466 894 3511; baseline 0.005 -12"><span class='ocrx_word' id='word_1_577' title='bbox 461 3466 503 3499; x_wconf 84' lang='lat' dir='ltr'><strong>E.</strong></span> <span class='ocrx_word' id='word_1_578' title='bbox 515 3467 562 3500; x_wconf 87' lang='lat' dir='ltr'><strong>II.</strong></span> <span class='ocrx_word' id='word_1_579' title='bbox 573 3468 615 3500; x_wconf 74' lang='lat' dir='ltr'><strong>R.</strong></span> <span class='ocrx_word' id='word_1_580' title='bbox 634 3466 728 3507; x_wconf 82' lang='lat' dir='ltr'><strong>xxiv,</strong></span> <span class='ocrx_word' id='word_1_581' title='bbox 748 3478 781 3511; x_wconf 87' lang='lat' dir='ltr'><strong>p.</strong></span> <span class='ocrx_word' id='word_1_582' title='bbox 800 3467 894 3511; x_wconf 59' lang='lat'><strong>424]</strong></span> 
     </span>
    </p>
   </div>
   <div class='ocr_carea' id='block_1_16' title="bbox 2414 2729 2423 3693">
    <p class='ocr_par' dir='ltr' id='par_1_18' title="bbox 2414 2729 2423 3693">
     <span class='ocr_line' id='line_1_65' title="bbox 2414 2729 2423 3693; baseline 0 0"><span class='ocrx_word' id='word_1_583' title='bbox 2414 2729 2423 3693; x_wconf 95' lang='lat' dir='ltr'><strong> </strong></span> 
     </span>
    </p>
   </div>
  </div>
 </body>
</html>
