<?xml version="1.0" encoding="UTF-8"?>
<!DOCTYPE html PUBLIC "-//W3C//DTD XHTML 1.0 Transitional//EN"
    "http://www.w3.org/TR/xhtml1/DTD/xhtml1-transitional.dtd">
<html xmlns="http://www.w3.org/1999/xhtml" xml:lang="en" lang="en">
 <head>
  <title>
</title>
<meta http-equiv="Content-Type" content="text/html;charset=utf-8" />
  <meta name='ocr-system' content='tesseract 3.04.00' />
  <meta name='ocr-capabilities' content='ocr_page ocr_carea ocr_par ocr_line ocrx_word'/>
</head>
<body>
  <div class='ocr_page' id='page_1' title='image "./regestaregumangl01daviuoft/regestaregumangl01daviuoft_0170.png"; bbox 0 0 2423 3749; ppageno 0'>
   <div class='ocr_carea' id='block_1_1' title="bbox 75 183 156 214">
    <p class='ocr_par' dir='ltr' id='par_1_1' title="bbox 75 183 156 214">
     <span class='ocr_line' id='line_1_1' title="bbox 75 183 156 214; baseline 0.012 -1"><span class='ocrx_word' id='word_1_1' title='bbox 75 183 156 214; x_wconf 85' lang='lat'>120</span> 
     </span>
    </p>
   </div>
   <div class='ocr_carea' id='block_1_2' title="bbox 73 748 252 830">
    <p class='ocr_par' dir='ltr' id='par_1_2' title="bbox 73 748 252 830">
     <span class='ocr_line' id='line_1_2' title="bbox 73 748 252 783; baseline -0.006 -1"><span class='ocrx_word' id='word_1_2' title='bbox 73 748 252 783; x_wconf 82' lang='lat' dir='ltr'>Calendar</span> 
     </span>
     <span class='ocr_line' id='line_1_3' title="bbox 74 794 206 830; baseline 0.015 -2"><span class='ocrx_word' id='word_1_3' title='bbox 74 794 139 829; x_wconf 94' lang='lat' dir='ltr'>No.</span> <span class='ocrx_word' id='word_1_4' title='bbox 152 794 206 830; x_wconf 83' lang='lat'>53.</span> 
     </span>
    </p>
   </div>
   <div class='ocr_carea' id='block_1_3' title="bbox 67 1637 248 1719">
    <p class='ocr_par' dir='ltr' id='par_1_3' title="bbox 67 1637 248 1719">
     <span class='ocr_line' id='line_1_4' title="bbox 67 1637 248 1672; baseline 0 -1"><span class='ocrx_word' id='word_1_5' title='bbox 67 1637 248 1672; x_wconf 80' lang='lat' dir='ltr'>Calendar</span> 
     </span>
     <span class='ocr_line' id='line_1_5' title="bbox 67 1684 205 1719; baseline 0 0"><span class='ocrx_word' id='word_1_6' title='bbox 67 1684 133 1719; x_wconf 91' lang='lat' dir='ltr'>No.</span> <span class='ocrx_word' id='word_1_7' title='bbox 153 1684 205 1719; x_wconf 78' lang='lat'>52.</span> 
     </span>
    </p>
   </div>
   <div class='ocr_carea' id='block_1_4' title="bbox 61 2728 246 2811">
    <p class='ocr_par' dir='ltr' id='par_1_4' title="bbox 61 2728 246 2811">
     <span class='ocr_line' id='line_1_6' title="bbox 61 2728 246 2764; baseline 0 -1"><span class='ocrx_word' id='word_1_8' title='bbox 61 2728 246 2764; x_wconf 84' lang='lat' dir='ltr'>Calendar</span> 
     </span>
     <span class='ocr_line' id='line_1_7' title="bbox 62 2775 195 2811; baseline 0.015 -2"><span class='ocrx_word' id='word_1_9' title='bbox 62 2775 128 2810; x_wconf 88' lang='lat' dir='ltr'>No.</span> <span class='ocrx_word' id='word_1_10' title='bbox 142 2776 195 2811; x_wconf 83' lang='lat'>86.</span> 
     </span>
    </p>
   </div>
   <div class='ocr_carea' id='block_1_5' title="bbox 60 3321 246 3404">
    <p class='ocr_par' dir='ltr' id='par_1_5' title="bbox 60 3321 246 3404">
     <span class='ocr_line' id='line_1_8' title="bbox 60 3321 246 3357; baseline 0 -1"><span class='ocrx_word' id='word_1_11' title='bbox 60 3321 246 3357; x_wconf 86' lang='lat' dir='ltr'>Calendar</span> 
     </span>
     <span class='ocr_line' id='line_1_9' title="bbox 62 3368 202 3404; baseline 0.007 -1"><span class='ocrx_word' id='word_1_12' title='bbox 62 3368 130 3404; x_wconf 89' lang='lat' dir='ltr'>No.</span> <span class='ocrx_word' id='word_1_13' title='bbox 147 3368 202 3404; x_wconf 87' lang='lat'>89.</span> 
     </span>
    </p>
   </div>
   <div class='ocr_carea' id='block_1_6' title="bbox 950 169 1735 212">
    <p class='ocr_par' dir='ltr' id='par_1_6' title="bbox 950 169 1735 212">
     <span class='ocr_line' id='line_1_10' title="bbox 950 169 1735 212; baseline 0.001 -2"><span class='ocrx_word' id='word_1_14' title='bbox 950 169 1259 211; x_wconf 86' lang='lat' dir='ltr'><strong>CHARTERS</strong></span> <span class='ocrx_word' id='word_1_15' title='bbox 1298 169 1374 210; x_wconf 87' lang='lat' dir='ltr'>OF</span> <span class='ocrx_word' id='word_1_16' title='bbox 1413 171 1672 212; x_wconf 89' lang='lat' dir='ltr'>WILLIAM</span> <span class='ocrx_word' id='word_1_17' title='bbox 1714 172 1735 211; x_wconf 95' lang='lat' dir='ltr'>I</span> 
     </span>
    </p>
   </div>
   <div class='ocr_carea' id='block_1_7' title="bbox 369 281 2281 602">
    <p class='ocr_par' dir='ltr' id='par_1_7' title="bbox 369 281 2281 602">
     <span class='ocr_line' id='line_1_11' title="bbox 369 281 2280 334; baseline -0.001 -9"><span class='ocrx_word' id='word_1_18' title='bbox 369 287 527 325; x_wconf 87' lang='lat' dir='ltr'>decima</span> <span class='ocrx_word' id='word_1_19' title='bbox 565 287 702 325; x_wconf 88' lang='lat' dir='ltr'>mellis</span> <span class='ocrx_word' id='word_1_20' title='bbox 743 287 784 323; x_wconf 89' lang='lat' dir='ltr'>et</span> <span class='ocrx_word' id='word_1_21' title='bbox 824 283 935 334; x_wconf 86' lang='lat' dir='ltr'>gabli</span> <span class='ocrx_word' id='word_1_22' title='bbox 975 284 1248 322; x_wconf 85' lang='lat' dir='ltr'>denariorum.</span> <span class='ocrx_word' id='word_1_23' title='bbox 1326 281 1417 320; x_wconf 89' lang='lat' dir='ltr'>Hec</span> <span class='ocrx_word' id='word_1_24' title='bbox 1453 283 1593 321; x_wconf 83' lang='lat' dir='ltr'>omnia</span> <span class='ocrx_word' id='word_1_25' title='bbox 1630 297 1679 321; x_wconf 85' lang='lat' dir='ltr'>ex</span> <span class='ocrx_word' id='word_1_26' title='bbox 1720 283 1882 332; x_wconf 85' lang='lat' dir='ltr'>integro</span> <span class='ocrx_word' id='word_1_27' title='bbox 1919 285 2094 323; x_wconf 89' lang='lat' dir='ltr'>concedo</span> <span class='ocrx_word' id='word_1_28' title='bbox 2130 286 2280 324; x_wconf 85' lang='lat' dir='ltr'>Sancto</span> 
     </span>
     <span class='ocr_line' id='line_1_12' title="bbox 370 335 2275 390; baseline -0.001 -11"><span class='ocrx_word' id='word_1_29' title='bbox 370 341 608 390; x_wconf 81' lang='lat' dir='ltr'>Augustino</span> <span class='ocrx_word' id='word_1_30' title='bbox 627 342 668 377; x_wconf 89' lang='lat' dir='ltr'>et</span> <span class='ocrx_word' id='word_1_31' title='bbox 690 338 826 376; x_wconf 90' lang='lat' dir='ltr'>abbati</span> <span class='ocrx_word' id='word_1_32' title='bbox 851 339 893 375; x_wconf 88' lang='lat' dir='ltr'>et</span> <span class='ocrx_word' id='word_1_33' title='bbox 916 336 1125 384; x_wconf 82' lang='lat' dir='ltr'>fratribus,</span> <span class='ocrx_word' id='word_1_34' title='bbox 1148 338 1195 374; x_wconf 92' lang='lat' dir='ltr'>ut</span> <span class='ocrx_word' id='word_1_35' title='bbox 1220 335 1397 374; x_wconf 88' lang='lat' dir='ltr'>habeant</span> <span class='ocrx_word' id='word_1_36' title='bbox 1425 338 1593 374; x_wconf 78' lang='lat' dir='ltr'>teneant</span> <span class='ocrx_word' id='word_1_37' title='bbox 1621 339 1661 375; x_wconf 94' lang='lat' dir='ltr'>et</span> <span class='ocrx_word' id='word_1_38' title='bbox 1688 338 1923 386; x_wconf 77' lang='lat' dir='ltr'>possideant</span> <span class='ocrx_word' id='word_1_39' title='bbox 1950 337 1994 375; x_wconf 92' lang='lat' dir='ltr'>in</span> <span class='ocrx_word' id='word_1_40' title='bbox 2021 342 2275 388; x_wconf 82' lang='lat' dir='ltr'>perpetuum.</span> 
     </span>
     <span class='ocr_line' id='line_1_13' title="bbox 370 390 2276 443; baseline -0.001 -11"><span class='ocrx_word' id='word_1_41' title='bbox 370 395 413 432; x_wconf 84' lang='lat' dir='ltr'>Si</span> <span class='ocrx_word' id='word_1_42' title='bbox 429 396 521 443; x_wconf 89' lang='lat' dir='ltr'>quis</span> <span class='ocrx_word' id='word_1_43' title='bbox 539 396 674 432; x_wconf 88' lang='lat' dir='ltr'>autem</span> <span class='ocrx_word' id='word_1_44' title='bbox 695 392 791 430; x_wconf 90' lang='lat' dir='ltr'>huic</span> <span class='ocrx_word' id='word_1_45' title='bbox 814 392 952 429; x_wconf 90' lang='lat' dir='ltr'>nostre</span> <span class='ocrx_word' id='word_1_46' title='bbox 975 390 1191 428; x_wconf 86' lang='lat' dir='ltr'>donacioni</span> <span class='ocrx_word' id='word_1_47' title='bbox 1215 390 1416 428; x_wconf 87' lang='lat' dir='ltr'>contraire</span> <span class='ocrx_word' id='word_1_48' title='bbox 1440 391 1747 440; x_wconf 79' lang='lat' dir='ltr'>presumpserit,</span> <span class='ocrx_word' id='word_1_49' title='bbox 1768 392 2020 430; x_wconf 87' lang='lat' dir='ltr'>anathemati</span> <span class='ocrx_word' id='word_1_50' title='bbox 2039 392 2276 431; x_wconf 87' lang='lat' dir='ltr'>subiacebit.</span> 
     </span>
     <span class='ocr_line' id='line_1_14' title="bbox 371 443 2280 493; baseline -0.001 -7"><span class='ocrx_word' id='word_1_51' title='bbox 371 448 492 486; x_wconf 85' lang='lat' dir='ltr'>Facta</span> <span class='ocrx_word' id='word_1_52' title='bbox 520 450 582 484; x_wconf 89' lang='lat' dir='ltr'>est</span> <span class='ocrx_word' id='word_1_53' title='bbox 610 447 684 483; x_wconf 91' lang='lat' dir='ltr'>hec</span> <span class='ocrx_word' id='word_1_54' title='bbox 712 444 884 482; x_wconf 85' lang='lat' dir='ltr'>donacio</span> <span class='ocrx_word' id='word_1_55' title='bbox 912 444 953 482; x_wconf 90' lang='lat' dir='ltr'>in</span> <span class='ocrx_word' id='word_1_56' title='bbox 981 444 1082 483; x_wconf 87' lang='lat' dir='ltr'>villa</span> <span class='ocrx_word' id='word_1_57' title='bbox 1109 457 1188 493; x_wconf 87' lang='lat' dir='ltr'>que</span> <span class='ocrx_word' id='word_1_58' title='bbox 1215 443 1368 481; x_wconf 88' lang='lat' dir='ltr'>dicitur</span> <span class='ocrx_word' id='word_1_59' title='bbox 1390 443 1636 493; x_wconf 89' lang='lat' dir='ltr'>Wyndesor,</span> <span class='ocrx_word' id='word_1_60' title='bbox 1661 457 1768 482; x_wconf 88' lang='lat' dir='ltr'>anno</span> <span class='ocrx_word' id='word_1_61' title='bbox 1798 445 2095 483; x_wconf 77' lang='lat' dir='ltr'>incarnationis</span> <span class='ocrx_word' id='word_1_62' title='bbox 2122 447 2280 485; x_wconf 90' lang='lat' dir='ltr'>domini</span> 
     </span>
     <span class='ocr_line' id='line_1_15' title="bbox 369 497 2281 548; baseline -0.001 -9"><span class='ocrx_word' id='word_1_63' title='bbox 369 501 590 539; x_wconf 88' lang='lat' dir='ltr'>millesimo</span> <span class='ocrx_word' id='word_1_64' title='bbox 617 498 747 536; x_wconf 89' lang='lat' dir='ltr'>LXX.</span> <span class='ocrx_word' id='word_1_65' title='bbox 807 498 1000 536; x_wconf 87' lang='lat' dir='ltr'>Testibus</span> <span class='ocrx_word' id='word_1_66' title='bbox 1025 497 1212 547; x_wconf 89' lang='lat' dir='ltr'>episcopo</span> <span class='ocrx_word' id='word_1_67' title='bbox 1239 497 1429 535; x_wconf 83' lang='lat' dir='ltr'>Gosfrido</span> <span class='ocrx_word' id='word_1_68' title='bbox 1455 498 1505 535; x_wconf 92' lang='lat' dir='ltr'>de</span> <span class='ocrx_word' id='word_1_69' title='bbox 1531 497 1655 536; x_wconf 86' lang='lat' dir='ltr'>Sanct</span> <span class='ocrx_word' id='word_1_70' title='bbox 1683 498 1788 536; x_wconf 88' lang='lat' dir='ltr'>Loth</span> <span class='ocrx_word' id='word_1_71' title='bbox 1811 501 1853 536; x_wconf 89' lang='lat' dir='ltr'>et</span> <span class='ocrx_word' id='word_1_72' title='bbox 1871 498 2102 538; x_wconf 91' lang='lat' dir='ltr'>Willielmo</span> <span class='ocrx_word' id='word_1_73' title='bbox 2122 500 2281 548; x_wconf 82' lang='lat' dir='ltr'>presule</span> 
     </span>
     <span class='ocr_line' id='line_1_16' title="bbox 370 550 2026 602; baseline -0.001 -10"><span class='ocrx_word' id='word_1_74' title='bbox 370 554 639 592; x_wconf 88' lang='lat' dir='ltr'>Londiniensi</span> <span class='ocrx_word' id='word_1_75' title='bbox 658 554 698 589; x_wconf 89' lang='lat' dir='ltr'>et</span> <span class='ocrx_word' id='word_1_76' title='bbox 718 552 898 601; x_wconf 85' lang='lat' dir='ltr'>Hugone</span> <span class='ocrx_word' id='word_1_77' title='bbox 917 552 966 590; x_wconf 89' lang='lat' dir='ltr'>de</span> <span class='ocrx_word' id='word_1_78' title='bbox 986 551 1089 589; x_wconf 89' lang='lat' dir='ltr'>Port</span> <span class='ocrx_word' id='word_1_79' title='bbox 1109 554 1150 589; x_wconf 90' lang='lat' dir='ltr'>et</span> <span class='ocrx_word' id='word_1_80' title='bbox 1171 550 1263 589; x_wconf 88' lang='lat' dir='ltr'>aliis</span> <span class='ocrx_word' id='word_1_81' title='bbox 1283 551 1371 589; x_wconf 90' lang='lat' dir='ltr'>eius</span> <span class='ocrx_word' id='word_1_82' title='bbox 1390 563 1516 600; x_wconf 87' lang='lat' dir='ltr'>quam</span> <span class='ocrx_word' id='word_1_83' title='bbox 1537 551 1728 600; x_wconf 84' lang='lat' dir='ltr'>plurimis</span> <span class='ocrx_word' id='word_1_84' title='bbox 1747 552 2026 602; x_wconf 84' lang='lat' dir='ltr'>optimatibus.</span> 
     </span>
    </p>
   </div>
   <div class='ocr_carea' id='block_1_8' title="bbox 416 613 1356 701">
    <p class='ocr_par' dir='ltr' id='par_1_8' title="bbox 416 613 1356 701">
     <span class='ocr_line' id='line_1_17' title="bbox 416 613 1356 701; baseline -0.002 -51"><span class='ocrx_word' id='word_1_85' title='bbox 416 616 588 661; x_wconf 76' lang='lat' dir='ltr'>[Chaiter</span> <span class='ocrx_word' id='word_1_86' title='bbox 605 614 701 658; x_wconf 91' lang='lat' dir='ltr'>Roll,</span> <span class='ocrx_word' id='word_1_87' title='bbox 717 615 764 650; x_wconf 81' lang='lat'>20</span> <span class='ocrx_word' id='word_1_88' title='bbox 781 614 848 650; x_wconf 87' lang='lat' dir='ltr'>Ed.</span> <span class='ocrx_word' id='word_1_89' title='bbox 865 614 916 658; x_wconf 89' lang='grc' dir='ltr'>ΙΙ,</span> <span class='ocrx_word' id='word_1_90' title='bbox 933 613 999 649; x_wconf 93' lang='lat' dir='ltr'>No.</span> <span class='ocrx_word' id='word_1_91' title='bbox 1020 614 1071 659; x_wconf 88' lang='lat'>6.]</span> <span class='ocrx_word' id='word_1_92' title='bbox 1291 662 1356 701; x_wconf 79' lang='lat' dir='ltr'>IX</span> 
     </span>
    </p>
   </div>
   <div class='ocr_carea' id='block_1_9' title="bbox 361 735 2283 1497">
    <p class='ocr_par' dir='ltr' id='par_1_9' title="bbox 497 735 2158 838">
     <span class='ocr_line' id='line_1_18' title="bbox 497 735 2158 782; baseline 0.001 -11"><span class='ocrx_word' id='word_1_93' title='bbox 497 736 817 772; x_wconf 81' lang='lat' dir='ltr'>confirmation</span> <span class='ocrx_word' id='word_1_94' title='bbox 846 737 908 781; x_wconf 81' lang='lat' dir='ltr'>by</span> <span class='ocrx_word' id='word_1_95' title='bbox 937 735 1136 772; x_wconf 87' lang='lat' dir='ltr'>William</span> <span class='ocrx_word' id='word_1_96' title='bbox 1166 735 1189 770; x_wconf 95' lang='lat' dir='ltr'>I</span> <span class='ocrx_word' id='word_1_97' title='bbox 1219 736 1268 771; x_wconf 87' lang='lat' dir='ltr'>of</span> <span class='ocrx_word' id='word_1_98' title='bbox 1292 735 1548 771; x_wconf 84' lang='lat' dir='ltr'>Aldenham</span> <span class='ocrx_word' id='word_1_99' title='bbox 1577 739 1624 772; x_wconf 85' lang='lat' dir='ltr'>to</span> <span class='ocrx_word' id='word_1_100' title='bbox 1653 737 1968 772; x_wconf 81' lang='lat' dir='ltr'>westminster</span> <span class='ocrx_word' id='word_1_101' title='bbox 1996 737 2158 782; x_wconf 79' lang='lat' dir='ltr'>Abbey</span> 
     </span>
     <span class='ocr_line' id='line_1_19' title="bbox 1208 785 1443 838; baseline 0.004 -15"><span class='ocrx_word' id='word_1_102' title='bbox 1208 785 1443 838; x_wconf 82' lang='lat'>(1067—71).</span> 
     </span>
    </p>

    <p class='ocr_par' dir='ltr' id='par_1_10' title="bbox 361 850 2283 1497">
     <span class='ocr_line' id='line_1_20' title="bbox 420 850 2283 902; baseline 0.001 -13"><span class='ocrx_word' id='word_1_103' title='bbox 420 850 661 890; x_wconf 87' lang='lat' dir='ltr'>Willelmus</span> <span class='ocrx_word' id='word_1_104' title='bbox 681 852 756 890; x_wconf 91' lang='lat' dir='ltr'>Dei</span> <span class='ocrx_word' id='word_1_105' title='bbox 777 852 907 902; x_wconf 88' lang='lat' dir='ltr'>gratia</span> <span class='ocrx_word' id='word_1_106' title='bbox 926 865 996 890; x_wconf 83' lang='lat' dir='ltr'>rex</span> <span class='ocrx_word' id='word_1_107' title='bbox 1011 851 1163 901; x_wconf 84' lang='lat' dir='ltr'>Anglie</span> <span class='ocrx_word' id='word_1_108' title='bbox 1183 851 1371 900; x_wconf 88' lang='lat' dir='ltr'>Remigio</span> <span class='ocrx_word' id='word_1_109' title='bbox 1390 851 1576 900; x_wconf 88' lang='lat' dir='ltr'>episcopo</span> <span class='ocrx_word' id='word_1_110' title='bbox 1597 851 1740 900; x_wconf 87' lang='lat' dir='ltr'>Linc&#39;.,</span> <span class='ocrx_word' id='word_1_111' title='bbox 1762 852 1980 891; x_wconf 88' lang='lat' dir='ltr'>Willelmo</span> <span class='ocrx_word' id='word_1_112' title='bbox 1999 853 2085 891; x_wconf 90' lang='lat' dir='ltr'>filio</span> <span class='ocrx_word' id='word_1_113' title='bbox 2105 852 2283 900; x_wconf 87' lang='lat' dir='ltr'>Osberti,</span> 
     </span>
     <span class='ocr_line' id='line_1_21' title="bbox 367 905 2279 955; baseline 0.002 -13"><span class='ocrx_word' id='word_1_114' title='bbox 367 907 407 942; x_wconf 91' lang='lat' dir='ltr'>et</span> <span class='ocrx_word' id='word_1_115' title='bbox 423 905 616 944; x_wconf 90' lang='lat' dir='ltr'>omnibus</span> <span class='ocrx_word' id='word_1_116' title='bbox 630 905 853 945; x_wconf 85' lang='lat' dir='ltr'>baronibus</span> <span class='ocrx_word' id='word_1_117' title='bbox 865 908 905 944; x_wconf 90' lang='lat' dir='ltr'>et</span> <span class='ocrx_word' id='word_1_118' title='bbox 921 906 1123 944; x_wconf 86' lang='lat' dir='ltr'>ministris</span> <span class='ocrx_word' id='word_1_119' title='bbox 1138 907 1180 944; x_wconf 91' lang='lat' dir='ltr'>et</span> <span class='ocrx_word' id='word_1_120' title='bbox 1193 905 1384 944; x_wconf 89' lang='lat' dir='ltr'>fidelibus</span> <span class='ocrx_word' id='word_1_121' title='bbox 1398 906 1484 943; x_wconf 89' lang='lat' dir='ltr'>suis</span> <span class='ocrx_word' id='word_1_122' title='bbox 1499 906 1666 944; x_wconf 89' lang='lat' dir='ltr'>Francis</span> <span class='ocrx_word' id='word_1_123' title='bbox 1680 907 1721 944; x_wconf 89' lang='lat' dir='ltr'>et</span> <span class='ocrx_word' id='word_1_124' title='bbox 1732 906 1884 955; x_wconf 89' lang='lat' dir='ltr'>Anglis</span> <span class='ocrx_word' id='word_1_125' title='bbox 1899 907 1948 944; x_wconf 90' lang='lat' dir='ltr'>de</span> <span class='ocrx_word' id='word_1_126' title='bbox 1965 906 2279 955; x_wconf 89' lang='lat' dir='ltr'>Hertfordscire,</span> 
     </span>
     <span class='ocr_line' id='line_1_22' title="bbox 367 959 2282 999; baseline 0.002 -3"><span class='ocrx_word' id='word_1_127' title='bbox 367 959 553 997; x_wconf 80' lang='lat' dir='ltr'>salutem.</span> <span class='ocrx_word' id='word_1_128' title='bbox 629 960 775 999; x_wconf 86' lang='lat' dir='ltr'>Sciatis</span> <span class='ocrx_word' id='word_1_129' title='bbox 803 973 869 998; x_wconf 89' lang='lat' dir='ltr'>me</span> <span class='ocrx_word' id='word_1_130' title='bbox 898 960 1141 998; x_wconf 84' lang='lat' dir='ltr'>concessisse</span> <span class='ocrx_word' id='word_1_131' title='bbox 1171 962 1211 998; x_wconf 90' lang='lat' dir='ltr'>et</span> <span class='ocrx_word' id='word_1_132' title='bbox 1239 960 1503 998; x_wconf 84' lang='lat' dir='ltr'>confirmasse</span> <span class='ocrx_word' id='word_1_133' title='bbox 1537 959 1623 998; x_wconf 89' lang='lat' dir='ltr'>Deo</span> <span class='ocrx_word' id='word_1_134' title='bbox 1657 962 1698 998; x_wconf 90' lang='lat' dir='ltr'>et</span> <span class='ocrx_word' id='word_1_135' title='bbox 1732 961 1881 998; x_wconf 84' lang='lat' dir='ltr'>Sancto</span> <span class='ocrx_word' id='word_1_136' title='bbox 1914 961 2040 999; x_wconf 88' lang='lat' dir='ltr'>Petro</span> <span class='ocrx_word' id='word_1_137' title='bbox 2073 962 2114 999; x_wconf 90' lang='lat' dir='ltr'>et</span> <span class='ocrx_word' id='word_1_138' title='bbox 2145 960 2282 999; x_wconf 89' lang='lat' dir='ltr'>abbati</span> 
     </span>
     <span class='ocr_line' id='line_1_23' title="bbox 365 1013 2283 1063; baseline 0.002 -13"><span class='ocrx_word' id='word_1_139' title='bbox 365 1013 544 1051; x_wconf 88' lang='lat' dir='ltr'>Adwino</span> <span class='ocrx_word' id='word_1_140' title='bbox 569 1015 609 1052; x_wconf 82' lang='lat' dir='ltr'>et</span> <span class='ocrx_word' id='word_1_141' title='bbox 637 1014 853 1053; x_wconf 84' lang='lat' dir='ltr'>monachis</span> <span class='ocrx_word' id='word_1_142' title='bbox 869 1014 1231 1052; x_wconf 87' lang='lat' dir='ltr'>Westmonasterii</span> <span class='ocrx_word' id='word_1_143' title='bbox 1251 1014 1481 1052; x_wconf 85' lang='lat' dir='ltr'>manerium</span> <span class='ocrx_word' id='word_1_144' title='bbox 1501 1027 1624 1052; x_wconf 88' lang='lat' dir='ltr'>suum</span> <span class='ocrx_word' id='word_1_145' title='bbox 1644 1014 1694 1052; x_wconf 93' lang='lat' dir='ltr'>de</span> <span class='ocrx_word' id='word_1_146' title='bbox 1712 1014 1960 1063; x_wconf 82' lang='lat' dir='ltr'>Aldenham,</span> <span class='ocrx_word' id='word_1_147' title='bbox 1978 1015 2027 1053; x_wconf 90' lang='lat' dir='ltr'>de</span> <span class='ocrx_word' id='word_1_148' title='bbox 2047 1029 2073 1053; x_wconf 88' lang='lat' dir='ltr'><strong>x</strong></span> <span class='ocrx_word' id='word_1_149' title='bbox 2092 1014 2283 1054; x_wconf 84' lang='lat' dir='ltr'>videlicet</span> 
     </span>
     <span class='ocr_line' id='line_1_24' title="bbox 364 1066 2282 1118; baseline 0.002 -14"><span class='ocrx_word' id='word_1_150' title='bbox 364 1066 483 1115; x_wconf 83' lang='lat' dir='ltr'>hidis,</span> <span class='ocrx_word' id='word_1_151' title='bbox 526 1080 619 1106; x_wconf 89' lang='lat' dir='ltr'>cum</span> <span class='ocrx_word' id='word_1_152' title='bbox 658 1068 852 1106; x_wconf 90' lang='lat' dir='ltr'>omnibus</span> <span class='ocrx_word' id='word_1_153' title='bbox 887 1068 974 1107; x_wconf 90' lang='lat' dir='ltr'>suis</span> <span class='ocrx_word' id='word_1_154' title='bbox 1011 1068 1325 1117; x_wconf 88' lang='lat' dir='ltr'>pertinentibus,</span> <span class='ocrx_word' id='word_1_155' title='bbox 1358 1068 1402 1105; x_wconf 91' lang='lat' dir='ltr'>in</span> <span class='ocrx_word' id='word_1_156' title='bbox 1444 1068 1566 1106; x_wconf 88' lang='lat' dir='ltr'>bosco</span> <span class='ocrx_word' id='word_1_157' title='bbox 1604 1070 1645 1106; x_wconf 92' lang='lat' dir='ltr'>et</span> <span class='ocrx_word' id='word_1_158' title='bbox 1683 1068 1816 1117; x_wconf 89' lang='lat' dir='ltr'>plano,</span> <span class='ocrx_word' id='word_1_159' title='bbox 1848 1068 1966 1118; x_wconf 83' lang='lat' dir='ltr'>aquis</span> <span class='ocrx_word' id='word_1_160' title='bbox 2002 1071 2045 1107; x_wconf 91' lang='lat' dir='ltr'>et</span> <span class='ocrx_word' id='word_1_161' title='bbox 2081 1081 2282 1118; x_wconf 86' lang='lat' dir='ltr'>aquarum</span> 
     </span>
     <span class='ocr_line' id='line_1_25' title="bbox 364 1121 2283 1172; baseline 0.002 -15"><span class='ocrx_word' id='word_1_162' title='bbox 364 1121 612 1170; x_wconf 88' lang='lat' dir='ltr'>decursibus,</span> <span class='ocrx_word' id='word_1_163' title='bbox 630 1124 717 1160; x_wconf 90' lang='lat' dir='ltr'>tam</span> <span class='ocrx_word' id='word_1_164' title='bbox 736 1122 857 1171; x_wconf 86' lang='lat' dir='ltr'>plene</span> <span class='ocrx_word' id='word_1_165' title='bbox 877 1124 917 1160; x_wconf 93' lang='lat' dir='ltr'>et</span> <span class='ocrx_word' id='word_1_166' title='bbox 936 1124 1023 1160; x_wconf 87' lang='lat' dir='ltr'>tam</span> <span class='ocrx_word' id='word_1_167' title='bbox 1045 1121 1171 1160; x_wconf 85' lang='lat' dir='ltr'>libere</span> <span class='ocrx_word' id='word_1_168' title='bbox 1196 1122 1302 1159; x_wconf 91' lang='lat' dir='ltr'>sicut</span> <span class='ocrx_word' id='word_1_169' title='bbox 1326 1124 1549 1160; x_wconf 90' lang='lat' dir='ltr'>tenuerunt</span> <span class='ocrx_word' id='word_1_170' title='bbox 1575 1124 1758 1171; x_wconf 88' lang='lat' dir='ltr'>tempore</span> <span class='ocrx_word' id='word_1_171' title='bbox 1779 1122 1886 1172; x_wconf 89' lang='lat' dir='ltr'>regis</span> <span class='ocrx_word' id='word_1_172' title='bbox 1906 1123 2098 1161; x_wconf 87' lang='lat' dir='ltr'>Edwardi</span> <span class='ocrx_word' id='word_1_173' title='bbox 2121 1122 2283 1172; x_wconf 86' lang='lat' dir='ltr'>cognati</span> 
     </span>
     <span class='ocr_line' id='line_1_26' title="bbox 364 1175 2282 1226; baseline 0.001 -14"><span class='ocrx_word' id='word_1_174' title='bbox 364 1175 447 1212; x_wconf 87' lang='lat' dir='ltr'>mei</span> <span class='ocrx_word' id='word_1_175' title='bbox 475 1177 515 1213; x_wconf 90' lang='lat' dir='ltr'>et</span> <span class='ocrx_word' id='word_1_176' title='bbox 538 1177 843 1214; x_wconf 90' lang='lat' dir='ltr'>antecessorum</span> <span class='ocrx_word' id='word_1_177' title='bbox 871 1189 1071 1223; x_wconf 90' lang='lat' dir='ltr'>meorum,</span> <span class='ocrx_word' id='word_1_178' title='bbox 1103 1177 1143 1213; x_wconf 91' lang='lat' dir='ltr'>et</span> <span class='ocrx_word' id='word_1_179' title='bbox 1172 1176 1278 1213; x_wconf 88' lang='lat' dir='ltr'>sicut</span> <span class='ocrx_word' id='word_1_180' title='bbox 1306 1178 1491 1224; x_wconf 88' lang='lat' dir='ltr'>tempore</span> <span class='ocrx_word' id='word_1_181' title='bbox 1523 1189 1616 1214; x_wconf 90' lang='lat' dir='ltr'>meo</span> <span class='ocrx_word' id='word_1_182' title='bbox 1649 1177 1830 1214; x_wconf 88' lang='lat' dir='ltr'>iuratum</span> <span class='ocrx_word' id='word_1_183' title='bbox 1863 1179 1926 1215; x_wconf 89' lang='lat' dir='ltr'>est</span> <span class='ocrx_word' id='word_1_184' title='bbox 1954 1190 2023 1215; x_wconf 90' lang='lat' dir='ltr'>eos</span> <span class='ocrx_word' id='word_1_185' title='bbox 2052 1176 2282 1226; x_wconf 89' lang='lat' dir='ltr'>antiquitus</span> 
     </span>
     <span class='ocr_line' id='line_1_27' title="bbox 363 1228 2282 1279; baseline 0.002 -14"><span class='ocrx_word' id='word_1_186' title='bbox 363 1228 467 1267; x_wconf 93' lang='lat' dir='ltr'>illud</span> <span class='ocrx_word' id='word_1_187' title='bbox 487 1229 690 1269; x_wconf 87' lang='lat' dir='ltr'>habuisse.</span> <span class='ocrx_word' id='word_1_188' title='bbox 751 1230 805 1268; x_wconf 87' lang='lat' dir='ltr'>Et</span> <span class='ocrx_word' id='word_1_189' title='bbox 820 1230 913 1268; x_wconf 90' lang='lat' dir='ltr'>volo</span> <span class='ocrx_word' id='word_1_190' title='bbox 933 1232 974 1268; x_wconf 92' lang='lat' dir='ltr'>et</span> <span class='ocrx_word' id='word_1_191' title='bbox 992 1229 1169 1268; x_wconf 89' lang='lat' dir='ltr'>firmiter</span> <span class='ocrx_word' id='word_1_192' title='bbox 1187 1230 1367 1279; x_wconf 90' lang='lat' dir='ltr'>precipio</span> <span class='ocrx_word' id='word_1_193' title='bbox 1387 1232 1434 1267; x_wconf 92' lang='lat' dir='ltr'>ut</span> <span class='ocrx_word' id='word_1_194' title='bbox 1454 1229 1557 1267; x_wconf 91' lang='lat' dir='ltr'>bene</span> <span class='ocrx_word' id='word_1_195' title='bbox 1576 1232 1618 1268; x_wconf 89' lang='lat' dir='ltr'>et</span> <span class='ocrx_word' id='word_1_196' title='bbox 1638 1230 1775 1279; x_wconf 90' lang='lat' dir='ltr'>quiete</span> <span class='ocrx_word' id='word_1_197' title='bbox 1793 1232 1833 1269; x_wconf 89' lang='lat' dir='ltr'>et</span> <span class='ocrx_word' id='word_1_198' title='bbox 1853 1230 1980 1269; x_wconf 89' lang='lat' dir='ltr'>libere</span> <span class='ocrx_word' id='word_1_199' title='bbox 1999 1233 2039 1269; x_wconf 90' lang='lat' dir='ltr'>et</span> <span class='ocrx_word' id='word_1_200' title='bbox 2059 1230 2282 1270; x_wconf 87' lang='lat' dir='ltr'>honorifice</span> 
     </span>
     <span class='ocr_line' id='line_1_28' title="bbox 363 1281 2281 1333; baseline 0.002 -14"><span class='ocrx_word' id='word_1_201' title='bbox 363 1281 442 1332; x_wconf 90' lang='lat' dir='ltr'>ipsi</span> <span class='ocrx_word' id='word_1_202' title='bbox 462 1283 765 1333; x_wconf 88' lang='lat' dir='ltr'>imperpetuum</span> <span class='ocrx_word' id='word_1_203' title='bbox 784 1283 890 1322; x_wconf 91' lang='lat' dir='ltr'>illud</span> <span class='ocrx_word' id='word_1_204' title='bbox 909 1283 1097 1332; x_wconf 83' lang='lat' dir='ltr'>habeant,</span> <span class='ocrx_word' id='word_1_205' title='bbox 1115 1297 1209 1322; x_wconf 92' lang='lat' dir='ltr'>cum</span> <span class='ocrx_word' id='word_1_206' title='bbox 1230 1297 1320 1322; x_wconf 89' lang='lat' dir='ltr'>saca</span> <span class='ocrx_word' id='word_1_207' title='bbox 1339 1285 1381 1321; x_wconf 96' lang='lat' dir='ltr'>et</span> <span class='ocrx_word' id='word_1_208' title='bbox 1399 1297 1522 1322; x_wconf 89' lang='lat' dir='ltr'>socna</span> <span class='ocrx_word' id='word_1_209' title='bbox 1541 1285 1582 1322; x_wconf 91' lang='lat' dir='ltr'>et</span> <span class='ocrx_word' id='word_1_210' title='bbox 1600 1284 1676 1322; x_wconf 91' lang='lat' dir='ltr'>toll</span> <span class='ocrx_word' id='word_1_211' title='bbox 1696 1286 1737 1322; x_wconf 92' lang='lat' dir='ltr'>et</span> <span class='ocrx_word' id='word_1_212' title='bbox 1757 1286 1866 1322; x_wconf 89' lang='lat' dir='ltr'>team</span> <span class='ocrx_word' id='word_1_213' title='bbox 1886 1287 1927 1323; x_wconf 92' lang='lat' dir='ltr'>et</span> <span class='ocrx_word' id='word_1_214' title='bbox 1946 1284 2105 1324; x_wconf 89' lang='lat' dir='ltr'>latrone</span> <span class='ocrx_word' id='word_1_215' title='bbox 2126 1286 2167 1323; x_wconf 91' lang='lat' dir='ltr'>et</span> <span class='ocrx_word' id='word_1_216' title='bbox 2186 1297 2281 1323; x_wconf 91' lang='lat' dir='ltr'>cum</span> 
     </span>
     <span class='ocr_line' id='line_1_29' title="bbox 364 1337 2281 1388; baseline 0.002 -15"><span class='ocrx_word' id='word_1_217' title='bbox 364 1337 558 1376; x_wconf 89' lang='lat' dir='ltr'>omnibus</span> <span class='ocrx_word' id='word_1_218' title='bbox 577 1338 738 1387; x_wconf 85' lang='lat' dir='ltr'>legibus</span> <span class='ocrx_word' id='word_1_219' title='bbox 761 1340 802 1377; x_wconf 88' lang='lat' dir='ltr'>et</span> <span class='ocrx_word' id='word_1_220' title='bbox 824 1338 1195 1377; x_wconf 89' lang='lat' dir='ltr'>consuetudinibus</span> <span class='ocrx_word' id='word_1_221' title='bbox 1220 1351 1299 1387; x_wconf 90' lang='lat' dir='ltr'>que</span> <span class='ocrx_word' id='word_1_222' title='bbox 1324 1338 1374 1376; x_wconf 85' lang='lat' dir='ltr'>ad</span> <span class='ocrx_word' id='word_1_223' title='bbox 1396 1350 1463 1375; x_wconf 89' lang='lat' dir='ltr'>me</span> <span class='ocrx_word' id='word_1_224' title='bbox 1486 1338 1709 1387; x_wconf 87' lang='lat' dir='ltr'>pertinent.</span> <span class='ocrx_word' id='word_1_225' title='bbox 1770 1337 1825 1376; x_wconf 89' lang='lat' dir='ltr'>Et</span> <span class='ocrx_word' id='word_1_226' title='bbox 1853 1351 1974 1388; x_wconf 91' lang='lat' dir='ltr'>super</span> <span class='ocrx_word' id='word_1_227' title='bbox 2002 1339 2079 1378; x_wconf 91' lang='lat' dir='ltr'>hoc</span> <span class='ocrx_word' id='word_1_228' title='bbox 2106 1338 2281 1378; x_wconf 90' lang='lat' dir='ltr'>defendo</span> 
     </span>
     <span class='ocr_line' id='line_1_30' title="bbox 362 1391 2280 1441; baseline 0.001 -13"><span class='ocrx_word' id='word_1_229' title='bbox 362 1403 413 1428; x_wconf 90' lang='lat' dir='ltr'>ne</span> <span class='ocrx_word' id='word_1_230' title='bbox 433 1391 581 1440; x_wconf 89' lang='lat' dir='ltr'>aliquis</span> <span class='ocrx_word' id='word_1_231' title='bbox 601 1392 650 1430; x_wconf 92' lang='lat' dir='ltr'>de</span> <span class='ocrx_word' id='word_1_232' title='bbox 669 1392 827 1441; x_wconf 89' lang='lat' dir='ltr'>prefato</span> <span class='ocrx_word' id='word_1_233' title='bbox 846 1392 934 1430; x_wconf 92' lang='lat' dir='ltr'>iure</span> <span class='ocrx_word' id='word_1_234' title='bbox 954 1392 1121 1430; x_wconf 89' lang='lat' dir='ltr'>ecclesie</span> <span class='ocrx_word' id='word_1_235' title='bbox 1140 1392 1364 1441; x_wconf 88' lang='lat' dir='ltr'>prescripte</span> <span class='ocrx_word' id='word_1_236' title='bbox 1379 1392 1538 1441; x_wconf 87' lang='lat' dir='ltr'>aliquid</span> <span class='ocrx_word' id='word_1_237' title='bbox 1557 1392 1714 1430; x_wconf 87' lang='lat' dir='ltr'>auferat</span> <span class='ocrx_word' id='word_1_238' title='bbox 1728 1392 1795 1431; x_wconf 91' lang='lat' dir='ltr'>vel</span> <span class='ocrx_word' id='word_1_239' title='bbox 1815 1392 1978 1431; x_wconf 88' lang='lat' dir='ltr'>minuat</span> <span class='ocrx_word' id='word_1_240' title='bbox 1992 1393 2057 1432; x_wconf 91' lang='lat' dir='ltr'>vel</span> <span class='ocrx_word' id='word_1_241' title='bbox 2077 1395 2280 1432; x_wconf 86' lang='lat' dir='ltr'>torturam</span> 
     </span>
     <span class='ocr_line' id='line_1_31' title="bbox 361 1444 2032 1497; baseline 0.002 -15"><span class='ocrx_word' id='word_1_242' title='bbox 361 1456 478 1483; x_wconf 87' lang='lat' dir='ltr'>suam</span> <span class='ocrx_word' id='word_1_243' title='bbox 498 1444 596 1497; x_wconf 71' lang='lat' dir='ltr'>(sic).</span> <span class='ocrx_word' id='word_1_244' title='bbox 656 1446 700 1485; x_wconf 88' lang='lat' dir='ltr'>T.</span> <span class='ocrx_word' id='word_1_245' title='bbox 724 1446 923 1486; x_wconf 84' lang='lat' dir='ltr'>Gaufrido</span> <span class='ocrx_word' id='word_1_246' title='bbox 942 1446 1130 1496; x_wconf 91' lang='lat' dir='ltr'>episcopo</span> <span class='ocrx_word' id='word_1_247' title='bbox 1150 1445 1363 1484; x_wconf 89' lang='lat' dir='ltr'>Constant’</span> <span class='ocrx_word' id='word_1_248' title='bbox 1383 1448 1425 1484; x_wconf 88' lang='lat' dir='ltr'>et</span> <span class='ocrx_word' id='word_1_249' title='bbox 1445 1446 1623 1484; x_wconf 88' lang='lat' dir='ltr'>Roberto</span> <span class='ocrx_word' id='word_1_250' title='bbox 1642 1447 1791 1485; x_wconf 88' lang='lat' dir='ltr'>comite</span> <span class='ocrx_word' id='word_1_251' title='bbox 1810 1447 1859 1485; x_wconf 91' lang='lat' dir='ltr'>de</span> <span class='ocrx_word' id='word_1_252' title='bbox 1879 1447 2032 1486; x_wconf 89' lang='lat' dir='ltr'>Moret&#39;.</span> 
     </span>
    </p>
   </div>
   <div class='ocr_carea' id='block_1_10' title="bbox 409 1507 1313 1554">
    <p class='ocr_par' dir='ltr' id='par_1_11' title="bbox 409 1507 1313 1554">
     <span class='ocr_line' id='line_1_32' title="bbox 409 1507 1313 1554; baseline 0.002 -12"><span class='ocrx_word' id='word_1_253' title='bbox 409 1507 689 1552; x_wconf 88' lang='lat' dir='ltr'>[Westminster</span> <span class='ocrx_word' id='word_1_254' title='bbox 706 1508 845 1554; x_wconf 87' lang='lat' dir='ltr'>Abbey,</span> <span class='ocrx_word' id='word_1_255' title='bbox 867 1512 874 1526; x_wconf 88' lang='lat'>‘</span> <span class='ocrx_word' id='word_1_256' title='bbox 887 1508 1095 1554; x_wconf 82' lang='lat' dir='ltr'>Domesday</span> <span class='ocrx_word' id='word_1_257' title='bbox 1108 1509 1129 1551; x_wconf 86' lang='lat'>&#39;,</span> <span class='ocrx_word' id='word_1_258' title='bbox 1149 1509 1197 1544; x_wconf 87' lang='lat' dir='ltr'>fo.</span> <span class='ocrx_word' id='word_1_259' title='bbox 1220 1508 1313 1553; x_wconf 62' lang='lat'>193]</span> 
     </span>
    </p>
   </div>
   <div class='ocr_carea' id='block_1_11' title="bbox 388 1579 2254 1703">
    <p class='ocr_par' dir='ltr' id='par_1_12' title="bbox 388 1579 2254 1703">
     <span class='ocr_line' id='line_1_33' title="bbox 1301 1579 1341 1617; baseline 0 0"><span class='ocrx_word' id='word_1_260' title='bbox 1301 1579 1341 1617; x_wconf 93' lang='lat' dir='ltr'>X</span> 
     </span>
     <span class='ocr_line' id='line_1_34' title="bbox 388 1649 2254 1703; baseline 0.003 -18"><span class='ocrx_word' id='word_1_261' title='bbox 388 1650 589 1687; x_wconf 87' lang='lat' dir='ltr'>william</span> <span class='ocrx_word' id='word_1_262' title='bbox 618 1651 641 1686; x_wconf 92' lang='lat'>1</span> <span class='ocrx_word' id='word_1_263' title='bbox 674 1652 720 1687; x_wconf 89' lang='lat' dir='ltr'>in</span> <span class='ocrx_word' id='word_1_264' title='bbox 750 1652 910 1689; x_wconf 85' lang='lat' dir='ltr'>favour</span> <span class='ocrx_word' id='word_1_265' title='bbox 943 1653 994 1689; x_wconf 87' lang='lat' dir='ltr'>of</span> <span class='ocrx_word' id='word_1_266' title='bbox 1016 1652 1332 1689; x_wconf 82' lang='lat' dir='ltr'>westminster</span> <span class='ocrx_word' id='word_1_267' title='bbox 1362 1652 1536 1696; x_wconf 81' lang='lat' dir='ltr'>Abbey‚</span> <span class='ocrx_word' id='word_1_268' title='bbox 1567 1652 1838 1696; x_wconf 87' lang='lat' dir='ltr'>concerning</span> <span class='ocrx_word' id='word_1_269' title='bbox 1870 1652 1984 1696; x_wconf 88' lang='lat' dir='ltr'>Islip</span> <span class='ocrx_word' id='word_1_270' title='bbox 2017 1649 2254 1703; x_wconf 85' lang='grc'><strong>(1067-71),</strong></span> 
     </span>
    </p>
   </div>
   <div class='ocr_carea' id='block_1_12' title="bbox 358 1718 2282 2529">
    <p class='ocr_par' dir='ltr' id='par_1_13' title="bbox 358 1718 2282 2529">
     <span class='ocr_line' id='line_1_35' title="bbox 415 1718 2281 1770; baseline 0.002 -13"><span class='ocrx_word' id='word_1_271' title='bbox 415 1718 659 1757; x_wconf 84' lang='lat' dir='ltr'>Willelmus</span> <span class='ocrx_word' id='word_1_272' title='bbox 685 1733 755 1758; x_wconf 84' lang='lat' dir='ltr'>rex</span> <span class='ocrx_word' id='word_1_273' title='bbox 780 1720 1015 1769; x_wconf 83' lang='lat' dir='ltr'>Anglorum</span> <span class='ocrx_word' id='word_1_274' title='bbox 1045 1720 1236 1769; x_wconf 85' lang='lat' dir='ltr'>Remigio</span> <span class='ocrx_word' id='word_1_275' title='bbox 1261 1720 1452 1770; x_wconf 88' lang='lat' dir='ltr'>episcopo</span> <span class='ocrx_word' id='word_1_276' title='bbox 1479 1720 1594 1757; x_wconf 82' lang='lat' dir='ltr'>Linc’</span> <span class='ocrx_word' id='word_1_277' title='bbox 1620 1722 1660 1758; x_wconf 87' lang='lat' dir='ltr'>et</span> <span class='ocrx_word' id='word_1_278' title='bbox 1684 1720 1905 1759; x_wconf 89' lang='lat' dir='ltr'>Willelmo</span> <span class='ocrx_word' id='word_1_279' title='bbox 1933 1721 2018 1760; x_wconf 90' lang='lat' dir='ltr'>filio</span> <span class='ocrx_word' id='word_1_280' title='bbox 2048 1721 2211 1761; x_wconf 86' lang='lat' dir='ltr'>Osberti</span> <span class='ocrx_word' id='word_1_281' title='bbox 2240 1725 2281 1761; x_wconf 86' lang='lat' dir='ltr'>et</span> 
     </span>
     <span class='ocr_line' id='line_1_36' title="bbox 362 1772 2279 1823; baseline 0.003 -13"><span class='ocrx_word' id='word_1_282' title='bbox 362 1772 555 1812; x_wconf 89' lang='lat' dir='ltr'>omnibus</span> <span class='ocrx_word' id='word_1_283' title='bbox 582 1774 786 1812; x_wconf 88' lang='lat' dir='ltr'>ministris</span> <span class='ocrx_word' id='word_1_284' title='bbox 814 1776 855 1813; x_wconf 90' lang='lat' dir='ltr'>et</span> <span class='ocrx_word' id='word_1_285' title='bbox 882 1774 1076 1813; x_wconf 88' lang='lat' dir='ltr'>fidelibus</span> <span class='ocrx_word' id='word_1_286' title='bbox 1105 1775 1191 1813; x_wconf 88' lang='lat' dir='ltr'>suis</span> <span class='ocrx_word' id='word_1_287' title='bbox 1220 1775 1388 1813; x_wconf 85' lang='lat' dir='ltr'>Francis</span> <span class='ocrx_word' id='word_1_288' title='bbox 1423 1777 1463 1812; x_wconf 91' lang='lat' dir='ltr'>et</span> <span class='ocrx_word' id='word_1_289' title='bbox 1492 1774 1641 1823; x_wconf 84' lang='lat' dir='ltr'>Anglis</span> <span class='ocrx_word' id='word_1_290' title='bbox 1670 1775 1720 1812; x_wconf 90' lang='lat' dir='ltr'>de</span> <span class='ocrx_word' id='word_1_291' title='bbox 1748 1775 2064 1815; x_wconf 82' lang='lat' dir='ltr'>Oxenfordscira</span> <span class='ocrx_word' id='word_1_292' title='bbox 2091 1776 2279 1816; x_wconf 82' lang='lat' dir='ltr'>salutem.</span> 
     </span>
     <span class='ocr_line' id='line_1_37' title="bbox 362 1827 2282 1878; baseline 0.003 -14"><span class='ocrx_word' id='word_1_293' title='bbox 362 1827 511 1865; x_wconf 83' lang='lat' dir='ltr'>Sciatis</span> <span class='ocrx_word' id='word_1_294' title='bbox 536 1827 633 1877; x_wconf 90' lang='lat' dir='ltr'>quia</span> <span class='ocrx_word' id='word_1_295' title='bbox 657 1828 752 1866; x_wconf 90' lang='lat' dir='ltr'>volo</span> <span class='ocrx_word' id='word_1_296' title='bbox 771 1830 813 1867; x_wconf 90' lang='lat' dir='ltr'>et</span> <span class='ocrx_word' id='word_1_297' title='bbox 836 1828 1012 1867; x_wconf 87' lang='lat' dir='ltr'>firmiter</span> <span class='ocrx_word' id='word_1_298' title='bbox 1036 1829 1215 1878; x_wconf 90' lang='lat' dir='ltr'>precipio</span> <span class='ocrx_word' id='word_1_299' title='bbox 1244 1830 1290 1866; x_wconf 91' lang='lat' dir='ltr'>ut</span> <span class='ocrx_word' id='word_1_300' title='bbox 1319 1829 1487 1867; x_wconf 88' lang='lat' dir='ltr'>ecclesia</span> <span class='ocrx_word' id='word_1_301' title='bbox 1516 1829 1658 1866; x_wconf 83' lang='lat' dir='ltr'>Sancti</span> <span class='ocrx_word' id='word_1_302' title='bbox 1683 1829 1799 1867; x_wconf 88' lang='lat' dir='ltr'>Petri</span> <span class='ocrx_word' id='word_1_303' title='bbox 1827 1829 1998 1868; x_wconf 89' lang='lat' dir='ltr'>Westm&#39;</span> <span class='ocrx_word' id='word_1_304' title='bbox 2017 1832 2058 1869; x_wconf 87' lang='lat' dir='ltr'>et</span> <span class='ocrx_word' id='word_1_305' title='bbox 2081 1830 2282 1870; x_wconf 86' lang='lat' dir='ltr'>Edwinus</span> 
     </span>
     <span class='ocr_line' id='line_1_38' title="bbox 361 1880 2281 1935; baseline 0.003 -17"><span class='ocrx_word' id='word_1_306' title='bbox 361 1880 485 1920; x_wconf 88' lang='lat' dir='ltr'>abbas</span> <span class='ocrx_word' id='word_1_307' title='bbox 513 1883 553 1920; x_wconf 87' lang='lat' dir='ltr'>et</span> <span class='ocrx_word' id='word_1_308' title='bbox 582 1882 775 1921; x_wconf 89' lang='lat' dir='ltr'>monachi</span> <span class='ocrx_word' id='word_1_309' title='bbox 806 1882 990 1921; x_wconf 89' lang='lat' dir='ltr'>eiusdem</span> <span class='ocrx_word' id='word_1_310' title='bbox 1023 1883 1188 1921; x_wconf 90' lang='lat' dir='ltr'>ecclesie</span> <span class='ocrx_word' id='word_1_311' title='bbox 1221 1883 1399 1921; x_wconf 87' lang='lat' dir='ltr'>habeant</span> <span class='ocrx_word' id='word_1_312' title='bbox 1434 1883 1669 1921; x_wconf 88' lang='lat' dir='ltr'>manerium</span> <span class='ocrx_word' id='word_1_313' title='bbox 1702 1895 1824 1921; x_wconf 86' lang='lat' dir='ltr'>suum</span> <span class='ocrx_word' id='word_1_314' title='bbox 1859 1884 2085 1934; x_wconf 81' lang='lat' dir='ltr'>Gihtslepe,</span> <span class='ocrx_word' id='word_1_315' title='bbox 2122 1884 2167 1923; x_wconf 89' lang='lat' dir='ltr'>in</span> <span class='ocrx_word' id='word_1_316' title='bbox 2200 1898 2281 1935; x_wconf 91' lang='lat' dir='ltr'>quo</span> 
     </span>
     <span class='ocr_line' id='line_1_39' title="bbox 361 1934 2281 1988; baseline 0.003 -16"><span class='ocrx_word' id='word_1_317' title='bbox 361 1934 552 1974; x_wconf 92' lang='lat' dir='ltr'>videlicet</span> <span class='ocrx_word' id='word_1_318' title='bbox 567 1948 638 1973; x_wconf 82' lang='lat' dir='ltr'>rex</span> <span class='ocrx_word' id='word_1_319' title='bbox 655 1936 907 1975; x_wconf 88' lang='lat' dir='ltr'>Eadwardus</span> <span class='ocrx_word' id='word_1_320' title='bbox 921 1940 1118 1987; x_wconf 82' lang='lat' dir='ltr'>cognatus</span> <span class='ocrx_word' id='word_1_321' title='bbox 1136 1950 1253 1975; x_wconf 88' lang='lat' dir='ltr'>meus</span> <span class='ocrx_word' id='word_1_322' title='bbox 1271 1937 1350 1975; x_wconf 89' lang='lat' dir='ltr'>fuit</span> <span class='ocrx_word' id='word_1_323' title='bbox 1366 1939 1498 1984; x_wconf 86' lang='lat' dir='ltr'>natus,</span> <span class='ocrx_word' id='word_1_324' title='bbox 1520 1950 1613 1975; x_wconf 89' lang='lat' dir='ltr'>cum</span> <span class='ocrx_word' id='word_1_325' title='bbox 1630 1937 1824 1975; x_wconf 91' lang='lat' dir='ltr'>omnibus</span> <span class='ocrx_word' id='word_1_326' title='bbox 1839 1937 1961 1977; x_wconf 89' lang='lat' dir='ltr'>rebus</span> <span class='ocrx_word' id='word_1_327' title='bbox 1975 1941 2017 1976; x_wconf 92' lang='lat' dir='ltr'>et</span> <span class='ocrx_word' id='word_1_328' title='bbox 2031 1939 2281 1988; x_wconf 87' lang='lat' dir='ltr'>appendiciis</span> 
     </span>
     <span class='ocr_line' id='line_1_40' title="bbox 359 1988 2277 2041; baseline 0.003 -14"><span class='ocrx_word' id='word_1_329' title='bbox 359 1988 455 2036; x_wconf 85' lang='lat' dir='ltr'>suis,</span> <span class='ocrx_word' id='word_1_330' title='bbox 470 1989 528 2027; x_wconf 90' lang='lat' dir='ltr'>ita</span> <span class='ocrx_word' id='word_1_331' title='bbox 542 1989 662 2039; x_wconf 91' lang='lat' dir='ltr'>plene</span> <span class='ocrx_word' id='word_1_332' title='bbox 680 1992 721 2028; x_wconf 86' lang='lat' dir='ltr'>et</span> <span class='ocrx_word' id='word_1_333' title='bbox 741 1991 876 2040; x_wconf 90' lang='lat' dir='ltr'>quiete</span> <span class='ocrx_word' id='word_1_334' title='bbox 895 1993 937 2029; x_wconf 90' lang='lat' dir='ltr'>et</span> <span class='ocrx_word' id='word_1_335' title='bbox 956 1991 1085 2029; x_wconf 91' lang='lat' dir='ltr'>libere</span> <span class='ocrx_word' id='word_1_336' title='bbox 1105 1991 1209 2029; x_wconf 90' lang='lat' dir='ltr'>sicut</span> <span class='ocrx_word' id='word_1_337' title='bbox 1227 1991 1436 2040; x_wconf 88' lang='lat' dir='ltr'>predictus</span> <span class='ocrx_word' id='word_1_338' title='bbox 1456 2004 1527 2028; x_wconf 79' lang='lat' dir='ltr'>rex</span> <span class='ocrx_word' id='word_1_339' title='bbox 1546 1991 1697 2029; x_wconf 89' lang='lat' dir='ltr'>melius</span> <span class='ocrx_word' id='word_1_340' title='bbox 1716 1992 1757 2029; x_wconf 89' lang='lat' dir='ltr'>et</span> <span class='ocrx_word' id='word_1_341' title='bbox 1779 1991 1941 2040; x_wconf 88' lang='lat' dir='ltr'>plenius</span> <span class='ocrx_word' id='word_1_342' title='bbox 1960 1992 2045 2031; x_wconf 91' lang='lat' dir='ltr'>illis</span> <span class='ocrx_word' id='word_1_343' title='bbox 2064 1993 2277 2041; x_wconf 83' lang='lat' dir='ltr'>concessit,</span> 
     </span>
     <span class='ocr_line' id='line_1_41' title="bbox 360 2043 2280 2096; baseline 0.003 -15"><span class='ocrx_word' id='word_1_344' title='bbox 360 2044 401 2080; x_wconf 88' lang='lat' dir='ltr'>et</span> <span class='ocrx_word' id='word_1_345' title='bbox 429 2043 536 2081; x_wconf 85' lang='lat' dir='ltr'>sicut</span> <span class='ocrx_word' id='word_1_346' title='bbox 563 2044 692 2081; x_wconf 88' lang='lat' dir='ltr'>etiam</span> <span class='ocrx_word' id='word_1_347' title='bbox 720 2057 789 2082; x_wconf 84' lang='lat' dir='ltr'>rex</span> <span class='ocrx_word' id='word_1_348' title='bbox 817 2045 1000 2094; x_wconf 90' lang='lat' dir='ltr'>prefatus</span> <span class='ocrx_word' id='word_1_349' title='bbox 1028 2045 1077 2083; x_wconf 90' lang='lat' dir='ltr'>ad</span> <span class='ocrx_word' id='word_1_350' title='bbox 1107 2044 1410 2083; x_wconf 87' lang='lat' dir='ltr'>dedicacionem</span> <span class='ocrx_word' id='word_1_351' title='bbox 1444 2044 1557 2083; x_wconf 87' lang='lat' dir='ltr'>illius</span> <span class='ocrx_word' id='word_1_352' title='bbox 1588 2045 1755 2083; x_wconf 89' lang='lat' dir='ltr'>ecclesie</span> <span class='ocrx_word' id='word_1_353' title='bbox 1789 2045 1835 2082; x_wconf 92' lang='lat' dir='ltr'>in</span> <span class='ocrx_word' id='word_1_354' title='bbox 1868 2046 2006 2084; x_wconf 91' lang='lat' dir='ltr'>dotem</span> <span class='ocrx_word' id='word_1_355' title='bbox 2039 2049 2280 2096; x_wconf 89' lang='lat' dir='ltr'>perpetuam</span> 
     </span>
     <span class='ocr_line' id='line_1_42' title="bbox 360 2097 2280 2148; baseline 0.003 -14"><span class='ocrx_word' id='word_1_356' title='bbox 360 2097 597 2135; x_wconf 88' lang='lat' dir='ltr'>eternaliter</span> <span class='ocrx_word' id='word_1_357' title='bbox 619 2099 792 2136; x_wconf 89' lang='lat' dir='ltr'>eandem</span> <span class='ocrx_word' id='word_1_358' title='bbox 815 2099 1063 2138; x_wconf 90' lang='lat' dir='ltr'>hereditauit</span> <span class='ocrx_word' id='word_1_359' title='bbox 1088 2099 1311 2137; x_wconf 86' lang='lat' dir='ltr'>ecclesiam.</span> <span class='ocrx_word' id='word_1_360' title='bbox 1371 2099 1557 2137; x_wconf 88' lang='lat' dir='ltr'>Concedo</span> <span class='ocrx_word' id='word_1_361' title='bbox 1583 2098 1668 2136; x_wconf 89' lang='lat' dir='ltr'>illis</span> <span class='ocrx_word' id='word_1_362' title='bbox 1693 2099 1831 2148; x_wconf 85' lang='lat' dir='ltr'>itaque</span> <span class='ocrx_word' id='word_1_363' title='bbox 1856 2100 1901 2137; x_wconf 90' lang='lat' dir='ltr'>in</span> <span class='ocrx_word' id='word_1_364' title='bbox 1927 2101 2069 2138; x_wconf 87' lang='lat' dir='ltr'>eodem</span> <span class='ocrx_word' id='word_1_365' title='bbox 2095 2101 2280 2140; x_wconf 90' lang='lat' dir='ltr'>manerio</span> 
     </span>
     <span class='ocr_line' id='line_1_43' title="bbox 360 2152 2280 2201; baseline 0.002 -12"><span class='ocrx_word' id='word_1_366' title='bbox 360 2163 495 2188; x_wconf 86' lang='lat' dir='ltr'>sacam</span> <span class='ocrx_word' id='word_1_367' title='bbox 518 2152 558 2189; x_wconf 91' lang='lat' dir='ltr'>et</span> <span class='ocrx_word' id='word_1_368' title='bbox 577 2164 712 2190; x_wconf 86' lang='lat' dir='ltr'>socam</span> <span class='ocrx_word' id='word_1_369' title='bbox 731 2165 827 2191; x_wconf 91' lang='lat' dir='ltr'>cum</span> <span class='ocrx_word' id='word_1_370' title='bbox 845 2152 921 2191; x_wconf 89' lang='lat' dir='ltr'>toll</span> <span class='ocrx_word' id='word_1_371' title='bbox 942 2155 982 2191; x_wconf 90' lang='lat' dir='ltr'>et</span> <span class='ocrx_word' id='word_1_372' title='bbox 1003 2155 1110 2191; x_wconf 89' lang='lat' dir='ltr'>team</span> <span class='ocrx_word' id='word_1_373' title='bbox 1135 2155 1175 2190; x_wconf 88' lang='lat' dir='ltr'>et</span> <span class='ocrx_word' id='word_1_374' title='bbox 1199 2153 1367 2201; x_wconf 90' lang='lat' dir='ltr'>latrone,</span> <span class='ocrx_word' id='word_1_375' title='bbox 1392 2166 1486 2191; x_wconf 90' lang='lat' dir='ltr'>cum</span> <span class='ocrx_word' id='word_1_376' title='bbox 1507 2152 1701 2191; x_wconf 89' lang='lat' dir='ltr'>omnibus</span> <span class='ocrx_word' id='word_1_377' title='bbox 1730 2153 1821 2191; x_wconf 90' lang='lat' dir='ltr'>aliis</span> <span class='ocrx_word' id='word_1_378' title='bbox 1846 2155 2213 2194; x_wconf 88' lang='lat' dir='ltr'>consuetudinibus</span> <span class='ocrx_word' id='word_1_379' title='bbox 2238 2157 2280 2193; x_wconf 86' lang='lat' dir='ltr'>et</span> 
     </span>
     <span class='ocr_line' id='line_1_44' title="bbox 359 2204 2280 2259; baseline 0.003 -17"><span class='ocrx_word' id='word_1_380' title='bbox 359 2204 517 2254; x_wconf 87' lang='lat' dir='ltr'>legibus</span> <span class='ocrx_word' id='word_1_381' title='bbox 550 2218 629 2254; x_wconf 90' lang='lat' dir='ltr'>que</span> <span class='ocrx_word' id='word_1_382' title='bbox 662 2206 713 2244; x_wconf 92' lang='lat' dir='ltr'>ad</span> <span class='ocrx_word' id='word_1_383' title='bbox 742 2219 878 2244; x_wconf 91' lang='lat' dir='ltr'>meam</span> <span class='ocrx_word' id='word_1_384' title='bbox 906 2207 1062 2256; x_wconf 85' lang='lat' dir='ltr'>regiam</span> <span class='ocrx_word' id='word_1_385' title='bbox 1091 2207 1339 2255; x_wconf 86' lang='lat' dir='ltr'>dignitatem</span> <span class='ocrx_word' id='word_1_386' title='bbox 1368 2207 1591 2256; x_wconf 87' lang='lat' dir='ltr'>pertinent.</span> <span class='ocrx_word' id='word_1_387' title='bbox 1646 2207 1837 2246; x_wconf 88' lang='lat' dir='ltr'>Preterea</span> <span class='ocrx_word' id='word_1_388' title='bbox 1864 2208 1995 2246; x_wconf 89' lang='lat' dir='ltr'>clamo</span> <span class='ocrx_word' id='word_1_389' title='bbox 2025 2222 2093 2247; x_wconf 87' lang='lat' dir='ltr'>eos</span> <span class='ocrx_word' id='word_1_390' title='bbox 2119 2209 2280 2259; x_wconf 87' lang='lat' dir='ltr'>quietos</span> 
     </span>
     <span class='ocr_line' id='line_1_45' title="bbox 358 2259 2280 2311; baseline 0.003 -15"><span class='ocrx_word' id='word_1_391' title='bbox 358 2259 505 2297; x_wconf 86' lang='lat' dir='ltr'>amodo</span> <span class='ocrx_word' id='word_1_392' title='bbox 535 2260 587 2297; x_wconf 91' lang='lat' dir='ltr'>ab</span> <span class='ocrx_word' id='word_1_393' title='bbox 620 2259 816 2299; x_wconf 89' lang='lat' dir='ltr'>omnibus</span> <span class='ocrx_word' id='word_1_394' title='bbox 849 2261 1027 2311; x_wconf 86' lang='lat' dir='ltr'>querelis</span> <span class='ocrx_word' id='word_1_395' title='bbox 1059 2263 1100 2299; x_wconf 92' lang='lat' dir='ltr'>et</span> <span class='ocrx_word' id='word_1_396' title='bbox 1132 2261 1247 2298; x_wconf 89' lang='lat' dir='ltr'>sciris</span> <span class='ocrx_word' id='word_1_397' title='bbox 1281 2263 1321 2298; x_wconf 90' lang='lat' dir='ltr'>et</span> <span class='ocrx_word' id='word_1_398' title='bbox 1352 2261 1581 2299; x_wconf 87' lang='lat' dir='ltr'>hundredis</span> <span class='ocrx_word' id='word_1_399' title='bbox 1614 2263 1656 2299; x_wconf 91' lang='lat' dir='ltr'>et</span> <span class='ocrx_word' id='word_1_400' title='bbox 1687 2274 1710 2298; x_wconf 89' lang='lat' dir='ltr'>a</span> <span class='ocrx_word' id='word_1_401' title='bbox 1738 2263 1850 2300; x_wconf 91' lang='lat' dir='ltr'>scoto</span> <span class='ocrx_word' id='word_1_402' title='bbox 1879 2263 1922 2300; x_wconf 89' lang='lat' dir='ltr'>et</span> <span class='ocrx_word' id='word_1_403' title='bbox 1953 2263 2004 2301; x_wconf 91' lang='lat' dir='ltr'>ab</span> <span class='ocrx_word' id='word_1_404' title='bbox 2038 2263 2155 2301; x_wconf 90' lang='lat' dir='ltr'>omni</span> <span class='ocrx_word' id='word_1_405' title='bbox 2187 2276 2280 2302; x_wconf 87' lang='lat' dir='ltr'>mea</span> 
     </span>
     <span class='ocr_line' id='line_1_46' title="bbox 358 2312 2279 2365; baseline 0.004 -16"><span class='ocrx_word' id='word_1_406' title='bbox 358 2312 654 2352; x_wconf 88' lang='lat' dir='ltr'>consuetudine</span> <span class='ocrx_word' id='word_1_407' title='bbox 681 2315 723 2352; x_wconf 91' lang='lat' dir='ltr'>et</span> <span class='ocrx_word' id='word_1_408' title='bbox 750 2327 874 2353; x_wconf 88' lang='lat' dir='ltr'>censu</span> <span class='ocrx_word' id='word_1_409' title='bbox 903 2315 1073 2364; x_wconf 89' lang='lat' dir='ltr'>pecunie</span> <span class='ocrx_word' id='word_1_410' title='bbox 1101 2328 1179 2365; x_wconf 90' lang='lat' dir='ltr'>que</span> <span class='ocrx_word' id='word_1_411' title='bbox 1198 2315 1291 2365; x_wconf 88' lang='lat' dir='ltr'>geld</span> <span class='ocrx_word' id='word_1_412' title='bbox 1321 2317 1362 2353; x_wconf 88' lang='lat' dir='ltr'>et</span> <span class='ocrx_word' id='word_1_413' title='bbox 1391 2314 1588 2365; x_wconf 87' lang='lat' dir='ltr'>danegeld</span> <span class='ocrx_word' id='word_1_414' title='bbox 1616 2315 1774 2365; x_wconf 84' lang='lat' dir='ltr'>anglice</span> <span class='ocrx_word' id='word_1_415' title='bbox 1798 2319 1975 2355; x_wconf 90' lang='lat' dir='ltr'>vocatur.</span> <span class='ocrx_word' id='word_1_416' title='bbox 2034 2317 2089 2355; x_wconf 90' lang='lat' dir='ltr'>Et</span> <span class='ocrx_word' id='word_1_417' title='bbox 2111 2317 2208 2356; x_wconf 91' lang='lat' dir='ltr'>nolo</span> <span class='ocrx_word' id='word_1_418' title='bbox 2231 2320 2279 2356; x_wconf 92' lang='lat' dir='ltr'>ut</span> 
     </span>
     <span class='ocr_line' id='line_1_47' title="bbox 359 2366 2280 2419; baseline 0.003 -15"><span class='ocrx_word' id='word_1_419' title='bbox 359 2366 507 2416; x_wconf 87' lang='lat' dir='ltr'>aliquis</span> <span class='ocrx_word' id='word_1_420' title='bbox 539 2367 696 2417; x_wconf 90' lang='lat' dir='ltr'>aliquid</span> <span class='ocrx_word' id='word_1_421' title='bbox 731 2368 780 2406; x_wconf 90' lang='lat' dir='ltr'>de</span> <span class='ocrx_word' id='word_1_422' title='bbox 812 2368 886 2407; x_wconf 86' lang='lat' dir='ltr'>illo</span> <span class='ocrx_word' id='word_1_423' title='bbox 919 2370 1076 2408; x_wconf 90' lang='lat' dir='ltr'>auferat</span> <span class='ocrx_word' id='word_1_424' title='bbox 1109 2371 1180 2408; x_wconf 86' lang='lat' dir='ltr'>aut</span> <span class='ocrx_word' id='word_1_425' title='bbox 1212 2369 1429 2417; x_wconf 88' lang='lat' dir='ltr'>diminuat,</span> <span class='ocrx_word' id='word_1_426' title='bbox 1462 2382 1536 2407; x_wconf 91' lang='lat' dir='ltr'>nec</span> <span class='ocrx_word' id='word_1_427' title='bbox 1568 2369 1682 2407; x_wconf 92' lang='lat' dir='ltr'>ullus</span> <span class='ocrx_word' id='word_1_428' title='bbox 1715 2370 1896 2419; x_wconf 87' lang='lat' dir='ltr'>aliquam</span> <span class='ocrx_word' id='word_1_429' title='bbox 1929 2371 2100 2409; x_wconf 91' lang='lat' dir='ltr'>omnino</span> <span class='ocrx_word' id='word_1_430' title='bbox 2132 2371 2280 2410; x_wconf 86' lang='lat' dir='ltr'>habeat</span> 
     </span>
     <span class='ocr_line' id='line_1_48' title="bbox 358 2420 2277 2473; baseline 0.004 -16"><span class='ocrx_word' id='word_1_431' title='bbox 358 2420 715 2460; x_wconf 88' lang='lat' dir='ltr'>intromissionem</span> <span class='ocrx_word' id='word_1_432' title='bbox 742 2422 882 2473; x_wconf 89' lang='lat' dir='ltr'>aliquo</span> <span class='ocrx_word' id='word_1_433' title='bbox 911 2425 1098 2472; x_wconf 89' lang='lat' dir='ltr'>tempore</span> <span class='ocrx_word' id='word_1_434' title='bbox 1126 2423 1209 2462; x_wconf 89' lang='lat' dir='ltr'>nisi</span> <span class='ocrx_word' id='word_1_435' title='bbox 1237 2423 1362 2462; x_wconf 89' lang='lat' dir='ltr'>abbas</span> <span class='ocrx_word' id='word_1_436' title='bbox 1391 2425 1432 2461; x_wconf 91' lang='lat' dir='ltr'>et</span> <span class='ocrx_word' id='word_1_437' title='bbox 1460 2423 1654 2462; x_wconf 91' lang='lat' dir='ltr'>monachi</span> <span class='ocrx_word' id='word_1_438' title='bbox 1687 2424 1737 2462; x_wconf 90' lang='lat' dir='ltr'>ad</span> <span class='ocrx_word' id='word_1_439' title='bbox 1771 2424 1995 2463; x_wconf 89' lang='lat' dir='ltr'>utilitatem</span> <span class='ocrx_word' id='word_1_440' title='bbox 2025 2426 2277 2464; x_wconf 85' lang='lat' dir='ltr'>monasterii.</span> 
     </span>
     <span class='ocr_line' id='line_1_49' title="bbox 358 2474 2280 2529; baseline 0.003 -16"><span class='ocrx_word' id='word_1_441' title='bbox 358 2474 404 2512; x_wconf 88' lang='grc' dir='ltr'>Τ.</span> <span class='ocrx_word' id='word_1_442' title='bbox 437 2475 579 2514; x_wconf 88' lang='lat' dir='ltr'>Odone</span> <span class='ocrx_word' id='word_1_443' title='bbox 609 2476 797 2527; x_wconf 89' lang='lat' dir='ltr'>episcopo</span> <span class='ocrx_word' id='word_1_444' title='bbox 830 2479 871 2515; x_wconf 89' lang='lat' dir='ltr'>et</span> <span class='ocrx_word' id='word_1_445' title='bbox 905 2477 1085 2516; x_wconf 85' lang='lat' dir='ltr'>Roberto</span> <span class='ocrx_word' id='word_1_446' title='bbox 1123 2477 1273 2516; x_wconf 87' lang='lat' dir='ltr'>comite</span> <span class='ocrx_word' id='word_1_447' title='bbox 1312 2478 1361 2516; x_wconf 92' lang='lat' dir='ltr'>de</span> <span class='ocrx_word' id='word_1_448' title='bbox 1394 2477 1537 2516; x_wconf 87' lang='lat' dir='ltr'>Moret&#39;</span> <span class='ocrx_word' id='word_1_449' title='bbox 1567 2477 1765 2516; x_wconf 88' lang='lat' dir='ltr'>fratribus</span> <span class='ocrx_word' id='word_1_450' title='bbox 1802 2478 1906 2517; x_wconf 87' lang='lat' dir='ltr'>meis</span> <span class='ocrx_word' id='word_1_451' title='bbox 1939 2481 1979 2517; x_wconf 92' lang='lat' dir='ltr'>et</span> <span class='ocrx_word' id='word_1_452' title='bbox 2012 2479 2193 2529; x_wconf 87' lang='lat' dir='ltr'>Hugone</span> <span class='ocrx_word' id='word_1_453' title='bbox 2230 2480 2280 2518; x_wconf 90' lang='lat' dir='ltr'>de</span> 
     </span>
    </p>
   </div>
   <div class='ocr_carea' id='block_1_13' title="bbox 359 2528 1309 2640">
    <p class='ocr_par' dir='ltr' id='par_1_14' title="bbox 359 2528 1309 2640">
     <span class='ocr_line' id='line_1_50' title="bbox 359 2528 590 2568; baseline 0.009 -2"><span class='ocrx_word' id='word_1_454' title='bbox 359 2528 590 2568; x_wconf 89' lang='lat' dir='ltr'>Mundford.</span> 
     </span>
     <span class='ocr_line' id='line_1_51' title="bbox 406 2592 1309 2640; baseline 0.002 -13"><span class='ocrx_word' id='word_1_455' title='bbox 406 2592 686 2637; x_wconf 84' lang='lat' dir='ltr'>[Westminster</span> <span class='ocrx_word' id='word_1_456' title='bbox 702 2594 846 2639; x_wconf 82' lang='lat' dir='ltr'>Abbey,</span> <span class='ocrx_word' id='word_1_457' title='bbox 864 2598 872 2612; x_wconf 82' lang='lat'>‘</span> <span class='ocrx_word' id='word_1_458' title='bbox 888 2594 1097 2640; x_wconf 87' lang='lat' dir='ltr'>Domesday</span> <span class='ocrx_word' id='word_1_459' title='bbox 1109 2595 1129 2638; x_wconf 91' lang='lat'>&#39;,</span> <span class='ocrx_word' id='word_1_460' title='bbox 1150 2595 1196 2630; x_wconf 89' lang='lat' dir='ltr'>fo.</span> <span class='ocrx_word' id='word_1_461' title='bbox 1211 2594 1309 2640; x_wconf 60' lang='lat'>292]</span> 
     </span>
    </p>
   </div>
   <div class='ocr_carea' id='block_1_14' title="bbox 1286 2665 1350 2704">
    <p class='ocr_par' dir='ltr' id='par_1_15' title="bbox 1286 2665 1350 2704">
     <span class='ocr_line' id='line_1_52' title="bbox 1286 2665 1350 2704; baseline -0.016 0"><span class='ocrx_word' id='word_1_462' title='bbox 1286 2665 1350 2704; x_wconf 90' lang='lat' dir='ltr'>XI</span> 
     </span>
    </p>
   </div>
   <div class='ocr_carea' id='block_1_15' title="bbox 454 2735 2186 2840">
    <p class='ocr_par' dir='ltr' id='par_1_16' title="bbox 454 2735 2186 2840">
     <span class='ocr_line' id='line_1_53' title="bbox 454 2735 2186 2783; baseline 0.003 -12"><span class='ocrx_word' id='word_1_463' title='bbox 454 2735 655 2773; x_wconf 83' lang='lat' dir='ltr'>William</span> <span class='ocrx_word' id='word_1_464' title='bbox 686 2736 710 2771; x_wconf 92' lang='lat'>1</span> <span class='ocrx_word' id='word_1_465' title='bbox 739 2736 786 2772; x_wconf 90' lang='lat' dir='ltr'>in</span> <span class='ocrx_word' id='word_1_466' title='bbox 816 2737 975 2773; x_wconf 83' lang='lat' dir='ltr'>favour</span> <span class='ocrx_word' id='word_1_467' title='bbox 1004 2739 1054 2774; x_wconf 86' lang='lat' dir='ltr'>of</span> <span class='ocrx_word' id='word_1_468' title='bbox 1078 2738 1394 2774; x_wconf 85' lang='lat' dir='ltr'>westminster</span> <span class='ocrx_word' id='word_1_469' title='bbox 1423 2738 1598 2781; x_wconf 81' lang='lat' dir='ltr'>Abbey,</span> <span class='ocrx_word' id='word_1_470' title='bbox 1628 2739 1901 2783; x_wconf 86' lang='lat' dir='ltr'>concerning</span> <span class='ocrx_word' id='word_1_471' title='bbox 1929 2739 2186 2776; x_wconf 85' lang='lat' dir='ltr'>Wokindon</span> 
     </span>
     <span class='ocr_line' id='line_1_54' title="bbox 1048 2787 1589 2840; baseline 0 -12"><span class='ocrx_word' id='word_1_472' title='bbox 1048 2793 1137 2828; x_wconf 87' lang='lat' dir='ltr'>and</span> <span class='ocrx_word' id='word_1_473' title='bbox 1164 2793 1328 2836; x_wconf 82' lang='lat' dir='ltr'>Fering</span> <span class='ocrx_word' id='word_1_474' title='bbox 1356 2787 1589 2840; x_wconf 79' lang='lat'>(1066-75).</span> 
     </span>
    </p>
   </div>
   <div class='ocr_carea' id='block_1_16' title="bbox 357 2857 2277 3178">
    <p class='ocr_par' dir='ltr' id='par_1_17' title="bbox 357 2857 2277 3178">
     <span class='ocr_line' id='line_1_55' title="bbox 411 2857 2277 2910; baseline 0.003 -15"><span class='ocrx_word' id='word_1_475' title='bbox 411 2857 479 2895; x_wconf 93' lang='lat' dir='ltr'>W.</span> <span class='ocrx_word' id='word_1_476' title='bbox 509 2871 579 2896; x_wconf 87' lang='lat' dir='ltr'>rex</span> <span class='ocrx_word' id='word_1_477' title='bbox 608 2858 843 2908; x_wconf 84' lang='lat' dir='ltr'>Anglorum</span> <span class='ocrx_word' id='word_1_478' title='bbox 871 2858 939 2898; x_wconf 91' lang='lat' dir='ltr'>W.</span> <span class='ocrx_word' id='word_1_479' title='bbox 971 2860 1160 2910; x_wconf 90' lang='lat' dir='ltr'>episcopo</span> <span class='ocrx_word' id='word_1_480' title='bbox 1188 2862 1230 2898; x_wconf 89' lang='lat' dir='ltr'>et</span> <span class='ocrx_word' id='word_1_481' title='bbox 1258 2859 1297 2897; x_wconf 84' lang='lat' dir='ltr'>S.</span> <span class='ocrx_word' id='word_1_482' title='bbox 1330 2859 1561 2898; x_wconf 89' lang='lat' dir='ltr'>vicecomiti</span> <span class='ocrx_word' id='word_1_483' title='bbox 1595 2861 1635 2897; x_wconf 92' lang='lat' dir='ltr'>et</span> <span class='ocrx_word' id='word_1_484' title='bbox 1667 2860 1861 2899; x_wconf 91' lang='lat' dir='ltr'>omnibus</span> <span class='ocrx_word' id='word_1_485' title='bbox 1888 2860 2083 2899; x_wconf 89' lang='lat' dir='ltr'>fidelibus</span> <span class='ocrx_word' id='word_1_486' title='bbox 2110 2861 2197 2900; x_wconf 91' lang='lat' dir='ltr'>suis</span> <span class='ocrx_word' id='word_1_487' title='bbox 2226 2861 2277 2900; x_wconf 88' lang='lat' dir='ltr'>de</span> 
     </span>
     <span class='ocr_line' id='line_1_56' title="bbox 357 2910 2277 2954; baseline 0.003 -5"><span class='ocrx_word' id='word_1_488' title='bbox 357 2910 510 2950; x_wconf 80' lang='lat' dir='ltr'>Essexa</span> <span class='ocrx_word' id='word_1_489' title='bbox 535 2911 726 2951; x_wconf 88' lang='lat' dir='ltr'>salutem.</span> <span class='ocrx_word' id='word_1_490' title='bbox 784 2912 889 2952; x_wconf 93' lang='lat' dir='ltr'>Volo</span> <span class='ocrx_word' id='word_1_491' title='bbox 915 2915 962 2952; x_wconf 92' lang='lat' dir='ltr'>ut</span> <span class='ocrx_word' id='word_1_492' title='bbox 986 2914 1125 2952; x_wconf 89' lang='lat' dir='ltr'>sciatis</span> <span class='ocrx_word' id='word_1_493' title='bbox 1147 2927 1213 2952; x_wconf 90' lang='lat' dir='ltr'>me</span> <span class='ocrx_word' id='word_1_494' title='bbox 1237 2913 1484 2952; x_wconf 87' lang='lat' dir='ltr'>concessisse</span> <span class='ocrx_word' id='word_1_495' title='bbox 1507 2916 1548 2952; x_wconf 91' lang='lat' dir='ltr'>et</span> <span class='ocrx_word' id='word_1_496' title='bbox 1570 2913 1730 2952; x_wconf 87' lang='lat' dir='ltr'>dedisse</span> <span class='ocrx_word' id='word_1_497' title='bbox 1749 2916 1902 2953; x_wconf 87' lang='lat' dir='ltr'>terram</span> <span class='ocrx_word' id='word_1_498' title='bbox 1925 2915 1974 2953; x_wconf 92' lang='lat' dir='ltr'>de</span> <span class='ocrx_word' id='word_1_499' title='bbox 1998 2914 2277 2954; x_wconf 86' lang='lat' dir='ltr'>Wokenduna</span> 
     </span>
     <span class='ocr_line' id='line_1_57' title="bbox 357 2965 2276 3020; baseline 0.003 -18"><span class='ocrx_word' id='word_1_500' title='bbox 357 2967 396 3002; x_wconf 90' lang='lat' dir='ltr'>et</span> <span class='ocrx_word' id='word_1_501' title='bbox 423 2966 473 3003; x_wconf 90' lang='lat' dir='ltr'>de</span> <span class='ocrx_word' id='word_1_502' title='bbox 501 2965 695 3015; x_wconf 86' lang='lat' dir='ltr'>Feringes</span> <span class='ocrx_word' id='word_1_503' title='bbox 724 2966 810 3005; x_wconf 91' lang='lat' dir='ltr'>Deo</span> <span class='ocrx_word' id='word_1_504' title='bbox 843 2968 884 3005; x_wconf 80' lang='lat' dir='ltr'>et</span> <span class='ocrx_word' id='word_1_505' title='bbox 916 2967 1066 3007; x_wconf 89' lang='lat' dir='ltr'>Sancto</span> <span class='ocrx_word' id='word_1_506' title='bbox 1099 2968 1226 3006; x_wconf 89' lang='lat' dir='ltr'>Petro</span> <span class='ocrx_word' id='word_1_507' title='bbox 1253 2967 1430 3007; x_wconf 83' lang='lat' dir='ltr'>Westm&#39;</span> <span class='ocrx_word' id='word_1_508' title='bbox 1458 2981 1553 3006; x_wconf 90' lang='lat' dir='ltr'>cum</span> <span class='ocrx_word' id='word_1_509' title='bbox 1587 2967 1782 3006; x_wconf 89' lang='lat' dir='ltr'>omnibus</span> <span class='ocrx_word' id='word_1_510' title='bbox 1815 2982 1894 3018; x_wconf 93' lang='lat' dir='ltr'>que</span> <span class='ocrx_word' id='word_1_511' title='bbox 1925 2968 1982 3007; x_wconf 89' lang='lat' dir='ltr'>ibi</span> <span class='ocrx_word' id='word_1_512' title='bbox 2015 2969 2276 3020; x_wconf 86' lang='lat' dir='ltr'>pertinebant</span> 
     </span>
     <span class='ocr_line' id='line_1_58' title="bbox 357 3019 2276 3070; baseline 0.004 -15"><span class='ocrx_word' id='word_1_513' title='bbox 357 3031 403 3056; x_wconf 89' lang='lat' dir='ltr'>ea</span> <span class='ocrx_word' id='word_1_514' title='bbox 433 3019 498 3058; x_wconf 92' lang='lat' dir='ltr'>die</span> <span class='ocrx_word' id='word_1_515' title='bbox 532 3033 612 3069; x_wconf 88' lang='lat' dir='ltr'>qua</span> <span class='ocrx_word' id='word_1_516' title='bbox 641 3033 710 3058; x_wconf 88' lang='lat' dir='ltr'>rex</span> <span class='ocrx_word' id='word_1_517' title='bbox 746 3020 998 3060; x_wconf 86' lang='lat' dir='ltr'>Eadwardus</span> <span class='ocrx_word' id='word_1_518' title='bbox 1025 3022 1106 3060; x_wconf 87' lang='lat' dir='ltr'>fuit</span> <span class='ocrx_word' id='word_1_519' title='bbox 1132 3022 1254 3060; x_wconf 90' lang='lat' dir='ltr'>viuus</span> <span class='ocrx_word' id='word_1_520' title='bbox 1283 3024 1324 3061; x_wconf 90' lang='lat' dir='ltr'>et</span> <span class='ocrx_word' id='word_1_521' title='bbox 1352 3022 1541 3060; x_wconf 88' lang='lat' dir='ltr'>mortuus</span> <span class='ocrx_word' id='word_1_522' title='bbox 1557 3035 1567 3070; x_wconf 89' lang='lat'>;</span> <span class='ocrx_word' id='word_1_523' title='bbox 1599 3023 1642 3060; x_wconf 89' lang='lat' dir='ltr'>et</span> <span class='ocrx_word' id='word_1_524' title='bbox 1670 3022 1728 3060; x_wconf 89' lang='lat' dir='ltr'>ita</span> <span class='ocrx_word' id='word_1_525' title='bbox 1755 3022 1902 3061; x_wconf 89' lang='lat' dir='ltr'>habeat</span> <span class='ocrx_word' id='word_1_526' title='bbox 1929 3023 2038 3062; x_wconf 90' lang='lat' dir='ltr'>sicut</span> <span class='ocrx_word' id='word_1_527' title='bbox 2066 3023 2276 3062; x_wconf 86' lang='lat' dir='ltr'>Haroldus</span> 
     </span>
     <span class='ocr_line' id='line_1_59' title="bbox 357 3074 2273 3128; baseline 0.003 -18"><span class='ocrx_word' id='word_1_528' title='bbox 357 3086 493 3112; x_wconf 85' lang='lat' dir='ltr'>comes</span> <span class='ocrx_word' id='word_1_529' title='bbox 512 3074 656 3112; x_wconf 89' lang='lat' dir='ltr'>eodem</span> <span class='ocrx_word' id='word_1_530' title='bbox 675 3076 861 3125; x_wconf 84' lang='lat' dir='ltr'>tempore</span> <span class='ocrx_word' id='word_1_531' title='bbox 878 3076 1031 3114; x_wconf 90' lang='lat' dir='ltr'>melius</span> <span class='ocrx_word' id='word_1_532' title='bbox 1050 3078 1091 3114; x_wconf 93' lang='lat' dir='ltr'>et</span> <span class='ocrx_word' id='word_1_533' title='bbox 1111 3076 1275 3125; x_wconf 92' lang='lat' dir='ltr'>plenius</span> <span class='ocrx_word' id='word_1_534' title='bbox 1297 3078 1339 3114; x_wconf 90' lang='lat' dir='ltr'>et</span> <span class='ocrx_word' id='word_1_535' title='bbox 1361 3075 1535 3114; x_wconf 88' lang='lat' dir='ltr'>liberius</span> <span class='ocrx_word' id='word_1_536' title='bbox 1559 3075 1705 3114; x_wconf 87' lang='lat' dir='ltr'>habuit</span> <span class='ocrx_word' id='word_1_537' title='bbox 1728 3076 1773 3114; x_wconf 90' lang='lat' dir='ltr'>in</span> <span class='ocrx_word' id='word_1_538' title='bbox 1792 3078 1902 3116; x_wconf 84' lang='lat' dir='ltr'>terra</span> <span class='ocrx_word' id='word_1_539' title='bbox 1921 3078 1962 3116; x_wconf 81' lang='lat' dir='ltr'>et</span> <span class='ocrx_word' id='word_1_540' title='bbox 1981 3077 2025 3116; x_wconf 89' lang='lat' dir='ltr'>in</span> <span class='ocrx_word' id='word_1_541' title='bbox 2044 3090 2150 3128; x_wconf 86' lang='lat' dir='ltr'>aqua</span> <span class='ocrx_word' id='word_1_542' title='bbox 2170 3079 2210 3116; x_wconf 89' lang='lat' dir='ltr'>et</span> <span class='ocrx_word' id='word_1_543' title='bbox 2230 3078 2273 3116; x_wconf 91' lang='lat' dir='ltr'>in</span> 
     </span>
     <span class='ocr_line' id='line_1_60' title="bbox 357 3127 1185 3178; baseline 0.005 -14"><span class='ocrx_word' id='word_1_544' title='bbox 357 3127 550 3166; x_wconf 88' lang='lat' dir='ltr'>omnibus</span> <span class='ocrx_word' id='word_1_545' title='bbox 569 3128 729 3178; x_wconf 89' lang='lat' dir='ltr'>legibus</span> <span class='ocrx_word' id='word_1_546' title='bbox 747 3131 788 3167; x_wconf 89' lang='lat' dir='ltr'>et</span> <span class='ocrx_word' id='word_1_547' title='bbox 806 3129 1185 3169; x_wconf 90' lang='lat' dir='ltr'>consuetudinibus.</span> 
     </span>
    </p>
   </div>
   <div class='ocr_carea' id='block_1_17' title="bbox 405 3190 1364 3301">
    <p class='ocr_par' dir='ltr' id='par_1_18' title="bbox 405 3190 1364 3301">
     <span class='ocr_line' id='line_1_61' title="bbox 405 3190 1308 3239; baseline 0.003 -14"><span class='ocrx_word' id='word_1_548' title='bbox 405 3190 686 3235; x_wconf 87' lang='lat' dir='ltr'>[Westminster</span> <span class='ocrx_word' id='word_1_549' title='bbox 702 3192 841 3237; x_wconf 83' lang='lat' dir='ltr'>Abbey,</span> <span class='ocrx_word' id='word_1_550' title='bbox 861 3194 872 3212; x_wconf 88' lang='lat'>‘</span> <span class='ocrx_word' id='word_1_551' title='bbox 883 3193 1092 3238; x_wconf 86' lang='lat' dir='ltr'>Domesday</span> <span class='ocrx_word' id='word_1_552' title='bbox 1105 3193 1124 3237; x_wconf 93' lang='lat'>&#39;,</span> <span class='ocrx_word' id='word_1_553' title='bbox 1145 3194 1195 3228; x_wconf 86' lang='lat' dir='ltr'>fo.</span> <span class='ocrx_word' id='word_1_554' title='bbox 1213 3194 1308 3239; x_wconf 66' lang='lat'>244]</span> 
     </span>
     <span class='ocr_line' id='line_1_62' title="bbox 1273 3262 1364 3301; baseline 0 -1"><span class='ocrx_word' id='word_1_555' title='bbox 1273 3262 1364 3301; x_wconf 94' lang='lat' dir='ltr'>XII</span> 
     </span>
    </p>
   </div>
   <div class='ocr_carea' id='block_1_18' title="bbox 437 3326 2194 3440">
    <p class='ocr_par' dir='ltr' id='par_1_19' title="bbox 437 3326 2194 3440">
     <span class='ocr_line' id='line_1_63' title="bbox 437 3326 2194 3383; baseline 0.006 -18"><span class='ocrx_word' id='word_1_556' title='bbox 437 3326 689 3380; x_wconf 78' lang='lat' dir='ltr'>(Spurinus)</span> <span class='ocrx_word' id='word_1_557' title='bbox 720 3332 909 3369; x_wconf 85' lang='lat' dir='ltr'>Charter</span> <span class='ocrx_word' id='word_1_558' title='bbox 938 3334 988 3369; x_wconf 87' lang='lat' dir='ltr'>of</span> <span class='ocrx_word' id='word_1_559' title='bbox 1010 3334 1211 3370; x_wconf 88' lang='lat' dir='ltr'>william</span> <span class='ocrx_word' id='word_1_560' title='bbox 1239 3335 1262 3369; x_wconf 88' lang='grc' dir='ltr'>Ι</span> <span class='ocrx_word' id='word_1_561' title='bbox 1292 3337 1339 3370; x_wconf 86' lang='lat' dir='ltr'>to</span> <span class='ocrx_word' id='word_1_562' title='bbox 1367 3337 1685 3372; x_wconf 82' lang='lat' dir='ltr'>westminster</span> <span class='ocrx_word' id='word_1_563' title='bbox 1713 3337 1889 3382; x_wconf 83' lang='lat' dir='ltr'>Abbey‚</span> <span class='ocrx_word' id='word_1_564' title='bbox 1921 3338 2194 3383; x_wconf 87' lang='lat' dir='ltr'>concerning</span> 
     </span>
     <span class='ocr_line' id='line_1_64' title="bbox 975 3385 1650 3440; baseline 0.003 -17"><span class='ocrx_word' id='word_1_565' title='bbox 975 3388 1163 3425; x_wconf 83' lang='lat' dir='ltr'>chelsea</span> <span class='ocrx_word' id='word_1_566' title='bbox 1189 3385 1303 3437; x_wconf 86' lang='lat' dir='ltr'>(Dec.</span> <span class='ocrx_word' id='word_1_567' title='bbox 1339 3390 1401 3436; x_wconf 88' lang='lat'>25,</span> <span class='ocrx_word' id='word_1_568' title='bbox 1430 3391 1587 3426; x_wconf 75' lang='grc'><strong>1071-5</strong></span> <span class='ocrx_word' id='word_1_569' title='bbox 1602 3386 1650 3440; x_wconf 70' lang='grc' dir='ltr'>Ῥ).</span> 
     </span>
    </p>
   </div>
   <div class='ocr_carea' id='block_1_19' title="bbox 408 3447 2272 3510">
    <p class='ocr_par' dir='ltr' id='par_1_20' title="bbox 408 3447 2272 3510">
     <span class='ocr_line' id='line_1_65' title="bbox 408 3447 2272 3510; baseline 0.007 -23"><span class='ocrx_word' id='word_1_570' title='bbox 408 3447 475 3487; x_wconf 90' lang='lat' dir='ltr'>W.</span> <span class='ocrx_word' id='word_1_571' title='bbox 499 3463 569 3489; x_wconf 86' lang='lat' dir='ltr'>rex</span> <span class='ocrx_word' id='word_1_572' title='bbox 593 3452 826 3502; x_wconf 89' lang='lat' dir='ltr'>Anglorum</span> <span class='ocrx_word' id='word_1_573' title='bbox 849 3454 1066 3495; x_wconf 90' lang='lat' dir='ltr'>Willelmo</span> <span class='ocrx_word' id='word_1_574' title='bbox 1093 3457 1309 3495; x_wconf 89' lang='lat' dir='ltr'>Lundonie</span> <span class='ocrx_word' id='word_1_575' title='bbox 1337 3458 1526 3510; x_wconf 92' lang='lat' dir='ltr'>episcopo</span> <span class='ocrx_word' id='word_1_576' title='bbox 1554 3461 1596 3498; x_wconf 87' lang='lat' dir='ltr'>et</span> <span class='ocrx_word' id='word_1_577' title='bbox 1625 3459 1818 3498; x_wconf 83' lang='lat' dir='ltr'>Gosfrido</span> <span class='ocrx_word' id='word_1_578' title='bbox 1844 3460 1895 3498; x_wconf 89' lang='lat' dir='ltr'>de</span> <span class='ocrx_word' id='word_1_579' title='bbox 1917 3460 2068 3510; x_wconf 86' lang='lat' dir='ltr'>Magna</span> <span class='ocrx_word' id='word_1_580' title='bbox 2089 3460 2203 3499; x_wconf 87' lang='lat' dir='ltr'>Villa</span> <span class='ocrx_word' id='word_1_581' title='bbox 2230 3463 2272 3498; x_wconf 90' lang='lat' dir='ltr'>et</span> 
     </span>
    </p>
   </div>
  </div>
 </body>
</html>
