2423 3749
937 187 1125 228 APPEN
1133 187 1240 229 DIX
2261 214 2335 255 135

1033 301 1173 339 LXIV

75 391 77 393 .
146 367 347 404 William
375 369 424 403 11
452 368 499 404 in
526 369 685 404 favour
713 370 762 404 of
782 371 930 407 Abbot
958 373 1158 409 Baldwin
1185 375 1234 410 of
1269 376 1391 419 Bury
1417 377 1476 412 st.
1505 377 1750 422 Edmunds‚
1781 379 2045 422 concerning
2081 384 2258 420 calendar

407 432 481 459 sac
511 423 599 458 and
627 432 714 466 soc,
747 424 838 459 suit
866 426 915 460 of
938 427 1058 462 shire
1086 429 1174 462 and
1201 428 1419 472 hundred,
1448 427 1521 466 διο.
1551 428 1785 479 (1087-97).
2080 429 2143 465 No.
2166 432 2241 465 393-

199 492 441 532 Willelmus
463 507 534 532 rex
557 495 788 544 Anglorum
819 498 1010 536 omnibus
1038 499 1240 538 iudicibus
1268 502 1353 539 suis
1379 504 1418 539 et
1443 503 1748 542 vicecomitibus
1776 506 1814 542 et
1844 504 2047 543 ministris

147 547 264 597 regni
295 548 450 597 Anglie
481 548 668 587 salutem.
733 550 837 588 Volo
869 554 909 588 et
942 553 1119 600 precipio
1148 556 1193 591 ut
1221 554 1395 592 Sanctus
1427 556 1669 595 Edmundus
1699 561 1740 595 et
1774 558 2048 607 Baldewynus

147 601 289 639 Abbas
309 604 349 640 et
368 602 562 639 monachi
581 603 645 639 sui
664 604 832 641 teneant
850 606 978 642 terras
998 608 1038 643 et
1057 607 1242 644 homines
1261 610 1301 646 et
1315 608 1455 646 sakam
1469 613 1509 646 et
1526 610 1676 655 sokam,
1692 612 1797 648 infra
1814 611 1990 660 burgum
2006 615 2046 650 et

147 656 278 701 extra,
307 657 348 692 et
381 668 523 693 omnes
550 656 652 694 alias
680 658 1006 704 consuetudines,
1040 659 1097 697 ita
1124 661 1301 709 pleniter
1329 663 1369 699 et
1398 662 1617 701 honorifice
1644 664 1747 702 sicut
1775 666 1912 702 brevia
1940 666 2046 715 regis

146 708 339 746 Edwardi
368 710 409 746 et
436 709 574 747 brevia
602 710 732 758 patris
760 710 842 748 mei
870 713 911 749 et
939 725 1029 749 mea
1056 714 1216 763 propria
1249 715 1386 753 brevia
1421 716 1714 756 demonstrant.
1790 718 1902 765 Quod
1937 719 2044 757 idem

145 764 315 801 sanctus
343 765 384 800 et
411 763 475 800 sui
503 764 547 800 in
577 763 771 801 omnibus
798 766 934 803 tenere
961 766 1121 804 debent.
1181 767 1233 805 Et
1265 769 1460 816 prohibeo
1495 772 1541 806 ut
1575 771 1715 809 nullus
1748 775 1953 820 presumat
1986 774 2044 811 eis

146 816 379 854 molestiam
408 816 473 854 vel
502 816 698 855 iniuriam
726 818 821 856 inde
849 818 989 857 facere.
1065 820 1119 858 Et
1148 820 1321 858 defendo
1350 822 1471 859 etiam
1500 825 1545 860 ut
1566 836 1647 861 non
1676 825 1828 873 cogatis
1856 826 2043 864 homines

147 869 288 908 Sancti
314 870 371 908 ire
399 871 449 907 ad
477 871 632 908 schiras
657 871 723 909 vel
752 872 802 910 ad
832 872 1057 919 hundreda,
1088 874 1168 911 nisi
1197 874 1290 912 illos
1322 875 1392 924 qui
1420 878 1580 913 tantum
1609 879 1714 915 terre
1743 879 1903 922 habent,
1936 879 2042 917 unde

147 923 261 973 digni
289 923 464 962 fuissent
491 927 672 974 tempore
700 925 807 975 regis
835 926 1027 964 Edwardi
1056 927 1115 964 ire
1143 927 1193 964 ad
1222 928 1377 966 schiras
1405 930 1471 966 vel
1505 930 1554 967 ad
1587 930 1807 970 hundreda.
1872 933 1923 970 Et
1958 946 2041 970 non

144 977 310 1026 placitet
337 991 469 1027 neque
497 978 561 1016 sui
591 979 640 1016 de
667 979 752 1016 ulla
780 992 822 1016 re
849 980 958 1017 unde
987 980 1160 1018 Sanctus
1189 981 1364 1030 saysitus
1391 985 1477 1020 erat
1506 983 1570 1020 die
1596 997 1674 1033 qua
1700 987 1812 1034 pater
1833 999 1947 1024 meus
1966 987 2042 1024 fuit

142 1030 265 1068 viuus
283 1033 322 1069 et
341 1034 540 1071 mortuus.
597 1033 640 1070 T.
663 1032 838 1070 Radulfo
858 1033 944 1071 filio
962 1033 1148 1072 Ursonis.

190 1099 300 1144 [B.M.
320 1099 412 1135 Add.
432 1100 508 1135 MS.
530 1101 654 1142 14847,
671 1101 720 1136 fo.
742 1102 785 1136 33
806 1101 1032 1146 (Registrum
1050 1102 1185 1137 Album
1204 1102 1237 1137 S.
1256 1101 1468 1147 Edmundi).

237 1146 290 1181 Cf.
309 1148 353 1182 E.
366 1149 413 1183 Η.
426 1150 468 1183 R.
488 1148 584 1182 xxiv.
601 1148 698 1193 424]

1042 1224 1158 1262 LXV

204 1293 400 1331 William
428 1296 476 1330 ΙΙ
505 1298 553 1332 to
580 1296 896 1333 westminster
923 1297 1095 1342 Abbey,
1124 1297 1386 1340 confirming
1413 1298 1489 1333 the
1519 1299 1601 1341 gift
1628 1301 1675 1334 of
1702 1300 1906 1344 Geoffrey
1933 1302 1989 1336 de
2076 1289 2256 1325 Calendar

552 1351 826 1386 Mandeville
856 1351 906 1387 of
929 1351 1006 1386 the
1035 1360 1191 1386 manor
1219 1351 1268 1386 of
1290 1352 1385 1395 Eye
1414 1348 1647 1400 (1087-97).
2075 1337 2141 1371 ΝΟ·
2158 1338 2237 1373 402.

198 1422 438 1462 Willelmus
457 1437 527 1462 rex
547 1425 779 1475 Anglorum
798 1424 1020 1463 baronibus
1042 1424 1127 1463 suis
1155 1426 1194 1462 et
1220 1425 1412 1463 omnibus
1439 1425 1625 1464 fidelibus
1652 1427 1816 1465 Francis
1836 1429 1875 1465 et
1894 1428 2042 1478 Anglis

145 1477 194 1514 de
215 1476 464 1516 Middelsexa
483 1478 671 1517 salutem.
722 1479 867 1517 Sciatis
887 1492 954 1516 me
973 1478 1216 1517 concessisse
1233 1479 1317 1516 Deo
1332 1480 1373 1516 et
1387 1479 1533 1517 Sancto
1549 1480 1671 1517 Petro
1686 1480 2040 1520 westmonasterii

143 1533 185 1569 et
206 1531 437 1569 Grisleberto
456 1532 592 1570 abbati
612 1533 841 1571 manerium
862 1533 912 1570 de
930 1533 1018 1582 Eye
1037 1533 1144 1582 quod
1166 1532 1374 1570 Goffridus
1396 1533 1444 1570 de
1466 1534 1612 1583 Magna
1630 1534 1740 1571 Villa
1766 1537 1805 1572 et
1832 1548 1932 1572 uxor
1956 1536 2042 1573 eius

145 1584 346 1623 dederunt
367 1585 498 1623 eidem
519 1587 685 1624 ecclesie
703 1599 775 1636 pro
795 1586 1010 1624 animabus
1029 1599 1180 1624 eorum.
1239 1587 1293 1624 Et
1312 1587 1404 1624 volo
1425 1588 1466 1624 et
1490 1588 1661 1625 concedo
1689 1590 1735 1625 ut
1764 1601 1907 1626 omnes
1935 1588 2042 1638 leges

144 1640 186 1677 et
208 1640 526 1677 consuetudines
550 1641 686 1689 quiete
710 1643 750 1678 et
776 1640 909 1678 solute
928 1640 972 1677 in
998 1640 1070 1678 illo
1098 1641 1277 1678 manerio
1300 1640 1448 1678 habeat
1468 1640 1640 1678 Sanctus
1658 1642 1804 1679 Petrus
1829 1644 1869 1679 et
1893 1642 2041 1687 abbas3

145 1693 222 1731 hoc
242 1695 314 1740 est,
340 1706 472 1731 sacam
491 1696 533 1732 et
553 1707 699 1741 socam,
722 1694 797 1731 toll
817 1696 856 1732 et
880 1694 1031 1741 theam,
1056 1694 1256 1732 latronem
1282 1696 1323 1731 et
1351 1707 1492 1732 omnes
1521 1695 1831 1733 consuetudines
1854 1696 1897 1732 in
1917 1696 1981 1733 via
2004 1698 2043 1733 et

144 1748 272 1794 extra,
293 1748 337 1784 in
357 1747 460 1785 festo
481 1749 521 1785 et
541 1750 666 1786 extra.
722 1748 776 1785 Et
795 1748 966 1786 defendo
990 1761 1042 1785 ne
1067 1748 1216 1796 aliquis
1236 1747 1288 1785 sit
1307 1760 1430 1785 ausus
1448 1747 1486 1785 ei
1504 1749 1569 1786 vel
1589 1748 1674 1785 suis
1693 1749 1930 1786 hominibus
1949 1750 2043 1787 inde

143 1813 266 1849 super
294 1801 370 1838 hoc
398 1801 577 1849 aliquam
606 1801 803 1839 iniuriam
831 1802 973 1841 facere.
1037 1801 1082 1840 T.
1112 1801 1397 1840 Walchelinus
1424 1802 1634 1851 episcopus
1654 1804 1693 1840 et
1716 1802 1868 1841 Haimo
1897 1806 1936 1841 et
1964 1803 2042 1842 alii.

141 1854 268 1904 Apud
289 1854 557 1893 Londoniam.

192 1922 469 1968 [Westminster
485 1924 627 1969 Abbey,
646 1925 654 1941 ⁴
669 1924 898 1970 Domesday:
916 1925 964 1960 fo.
985 1923 1077 1968 103]

1018 2021 1159 2059 LXVI

376 2092 575 2129 William
603 2093 652 2128 ΙΙ
682 2093 730 2128 in
759 2093 918 2130 favour
947 2093 996 2129 of
1019 2093 1096 2129 the
1125 2093 1286 2129 monks
1315 2094 1363 2129 of
1387 2094 1584 2130 Durham
1611 2090 1813 2140 (1096-7).
2079 2092 2259 2127 Calendar

198 2164 437 2204 Willelmus
457 2166 533 2204 Dei
551 2166 682 2216 gratia
702 2179 772 2204 rex
791 2166 944 2214 Anglie
962 2165 1119 2204 Thome
1138 2165 1438 2215 archiepiscopo
1457 2167 1497 2203 et
1516 2166 1562 2202 R.
1584 2166 1769 2215 episcopo
1788 2167 1828 2203 et
1856 2163 2047 2202 omnibus
2080 2139 2145 2174 NO'
2165 2140 2241 2173 '396‘

143 2219 455 2258 vicecomitibus
477 2222 518 2258 et
544 2220 767 2258 baronibus
794 2222 833 2258 et
859 2219 1048 2257 fidelibus
1074 2220 1158 2257 suis
1185 2220 1447 2268 Francigenis
1469 2221 1509 2256 et
1533 2219 1721 2267 Anglicis
1746 2219 1859 2268 regni
1878 2218 2040 2267 Anglie,

144 2273 332 2312 salutem.
388 2273 577 2323 Precipio
606 2276 646 2311 et
676 2274 848 2312 defendo
876 2286 927 2311 ne
954 2273 1145 2311 monachi
1172 2273 1311 2310 Sancti
1339 2272 1552 2311 Cuthberti
1578 2273 1643 2310 vel
1669 2273 1855 2310 homines
1877 2272 1940 2309 sui
1961 2272 2044 2309 ullo

144 2327 267 2365 modo
287 2327 484 2376 placitent
503 2330 574 2366 aut
594 2328 867 2377 respondeant
887 2327 937 2365 de
956 2327 1077 2365 terris
1096 2326 1161 2365 vel
1182 2326 1420 2364 hominibus
1441 2326 1505 2363 vel
1525 2325 1888 2363 consuetudinibus
1906 2327 1974 2363 aut
1995 2326 2044 2362 de

143 2381 230 2419 ulla
262 2393 306 2419 re
337 2381 445 2420 unde
477 2381 609 2420 saisiti
639 2384 755 2420 erant
788 2382 852 2419 die
884 2394 963 2430 qua
994 2380 1234 2418 Willelmus
1271 2380 1483 2429 episcopus
1522 2380 1810 2417 Dunelmensis
1846 2379 1965 2416 viuus
2002 2382 2043 2416 et

145 2437 332 2473 mortuus
351 2436 442 2473 fuit.
503 2435 580 2474 Sed
600 2436 658 2474 ita
681 2436 782 2474 bene
802 2438 841 2473 et
862 2435 997 2485 quiete
1016 2437 1056 2472 et
1076 2434 1121 2472 in
1140 2446 1248 2483 pace,
1272 2447 1365 2471 cum
1384 2446 1496 2471 sacca
1515 2436 1555 2471 et
1575 2434 1722 2471 sokene
1740 2435 1781 2470 et
1800 2432 1857 2470 tol
1876 2434 1915 2469 et
1935 2434 2042 2470 team

143 2491 185 2527 et
212 2489 530 2539 infangentheof
554 2493 594 2528 et
622 2503 715 2528 cum
745 2489 937 2527 omnibus
963 2488 1329 2526 consuetudinibus
1356 2487 1461 2525 infra
1486 2487 1661 2536 burgum
1688 2489 1727 2524 et
1752 2488 1873 2532 extra,
1902 2498 2043 2523 omnes

144 2555 208 2581 res
235 2555 331 2581 suas
353 2545 532 2591 teneant,
557 2544 662 2582 sicut
685 2556 882 2592 umquam
909 2542 1057 2581 melius
1083 2545 1123 2580 et
1152 2541 1327 2591 quietius
1350 2543 1571 2579 tenuerunt
1593 2541 1656 2578 vel
1677 2540 1883 2588 episcopus
1903 2552 2041 2576 eorum

143 2596 211 2635 die
230 2609 310 2645 qua
329 2596 416 2646 ipse
436 2597 648 2647 episcopus
675 2598 797 2636 vivus
816 2600 857 2635 et
875 2598 1063 2635 mortuus
1091 2595 1181 2633 fuit.
1241 2595 1295 2633 Et
1315 2595 1349 2633 si
1369 2595 1418 2632 de
1442 2595 1526 2632 ulla
1544 2607 1586 2631 re
1613 2596 1703 2642 post
1723 2596 1894 2631 mortem
1915 2592 2044 2652 ipsius

143 2650 324 2700 episcopi
356 2653 454 2689 sunt
491 2651 684 2699 desaisiti,
720 2651 895 2700 precipio
933 2652 979 2688 ut
1016 2650 1104 2688 sine
1140 2662 1252 2687 mora
1280 2649 1367 2687 sint
1399 2647 1582 2686 resaisiti.
1652 2648 1706 2684 Et
1735 2647 1770 2684 si
1799 2647 1947 2694 aliquis
1977 2658 2044 2683 eos

143 2704 373 2743 desaisierit
401 2707 472 2743 aut
499 2705 677 2754 aliquam
706 2705 901 2743 iniuriam
920 2704 978 2742 eis
1000 2703 1145 2742 amodo
1165 2703 1313 2749 fecerit,
1335 2702 1427 2740 volo
1447 2701 1582 2739 sciatis
1611 2701 1716 2749 quod
1744 2713 1883 2750 pacem
1911 2712 2043 2736 meam

143 2771 265 2808 super
283 2772 353 2797 eos
372 2758 599 2808 infregerit.
655 2759 712 2796 Et
730 2759 817 2808 ipse
836 2758 1070 2796 emendabit
1097 2756 1202 2794 mihi
1231 2757 1451 2794 fracturam
1474 2756 1583 2804 pacis
1602 2768 1699 2793 mee.
1757 2754 1864 2791 Test'
1884 2752 2043 2791 Walke·

143 2812 231 2850 lino
251 2812 440 2862 episcopo
459 2815 500 2851 et
520 2813 738 2851 Willelmo
757 2811 1009 2860 cancellario,
1031 2811 1139 2860 apud
1160 2810 1448 2849 Salesburiam.

193 2880 376 2925 [Durham
388 2881 599 2924 CathedraL
617 2880 869 2917 Cartularium
887 2880 1010 2923 Vetus,
1031 2880 1080 2915 fo.
1097 2879 1168 2924 67.]

1018 2977 1183 3015 LXVII

383 3051 582 3087 William
611 3051 659 3086 II
688 3051 736 3086 in
764 3052 923 3087 favour
953 3050 999 3085 of
1024 3050 1101 3085 the
1131 3058 1297 3085 canons
1326 3049 1374 3084 of
1398 3048 1583 3082 Lincoln
1612 3043 1811 3094 (1093-8).
2076 3040 2258 3076 Calendar

2136 3115 2141 3121 .
2160 3087 2238 3121 407.

198 3123 266 3162 W.
296 3137 368 3162 rex
392 3124 627 3173 Anglorum
656 3124 700 3162 O.
727 3123 958 3163 uicecomiti
987 3123 1169 3161 Lincolie
1197 3123 1384 3160 salutem.
1440 3120 1623 3169 Precipio
1652 3119 1727 3157 tibi
1757 3122 1801 3156 ut
1829 3118 2044 3156 canonicos
2076 3087 2130 3121 No

144 3180 293 3217 Sancte
312 3178 439 3215 Marie
458 3178 729 3216 Lincoliensis
748 3178 933 3216 resaisias
952 3176 1000 3214 de
1024 3177 1142 3215 terris
1168 3176 1253 3214 suis
1280 3176 1386 3212 unde
1410 3173 1601 3211 dissaisiti
1621 3175 1717 3210 sunt
1735 3174 1948 3221 postquam
1969 3186 2043 3220 ego

143 3233 188 3270 in
209 3231 454 3270 infirmitate
473 3232 610 3279 cecidi,
634 3234 674 3270 et
692 3232 755 3269 fac
774 3232 857 3270 illis
876 3231 993 3268 reddi
1013 3230 1202 3280 quicquid
1226 3230 1319 3266 inde
1339 3230 1478 3277 postea
1496 3227 1677 3264 ablatum
1695 3229 1774 3272 est;
1798 3228 1839 3262 et
1858 3226 1951 3263 illos
1971 3226 2042 3285 gui

143 3300 211 3324 eos
232 3285 517 3324 dissaisierunt
539 3288 580 3323 et
600 3299 672 3324 sua
691 3288 782 3335 post
802 3284 1028 3334 predictum
1048 3283 1273 3321 terminum
1293 3283 1488 3330 ceperunt
1512 3293 1616 3328 pone
1639 3293 1709 3328 per
1728 3280 1855 3316 bonos
1874 3279 2039 3327 plegios,

143 3341 188 3378 Τ.
215 3339 393 3377 Roberto
422 3339 508 3376 filio
537 3339 744 3378 Hamonis
771 3342 811 3378 et
840 3339 876 3377 I.
905 3338 1071 3376 Taileb'.
1126 3336 1301 3375 Maxime
1330 3334 1467 3372 resaisi
1496 3346 1563 3371 eos
1592 3333 1639 3370 de
1669 3335 1777 3371 terra
1804 3332 1967 3370 ecclesie
1996 3333 2043 3370 de

142 3393 298 3433 Castra.
357 3393 402 3430 T.
424 3393 709 3441 predictorum.

192 3462 374 3508 [Chapter
390 3461 556 3506 Library,
575 3461 743 3506 Lincoln,
762 3460 972 3506 Registrum
988 3458 1306 3503 Antiquissimum,
1325 3456 1390 3492 No.
1408 3455 1527 3500 XIIL]
