2423 3749
128 683 313 718 Calendar

129 730 195 766 No.
215 730 294 764 43⁸2.

124 1146 306 1181 Calendar

127 1193 192 1228 No.
213 1193 293 1227 29⁴2.

120 2073 305 2110 Calendar

120 2122 188 2157 No.
204 2122 284 2157 439.

123 2858 306 2894 Calendar

127 2905 192 2940 No.
209 2907 289 2941 468.

982 185 1292 226 CHARTERS
1334 184 1410 225 OF
1452 184 1716 225 WILLIAM
1756 185 1800 225 II

425 303 649 341 baronibus
677 302 726 339 de
754 298 1004 337 Eboracensi
1031 297 1135 335 scira
1172 297 1359 335 salutem.
1419 297 1690 336 Notificamus
1722 298 1839 337 vobis
1871 299 1978 348 quod
2012 300 2148 339 tribuo
2185 301 2337 341 Sancto

426 357 549 394 Petro
568 358 609 394 et
629 353 836 392 canonicis
854 351 1021 389 ecclesie
1042 350 1225 388 eiusdem
1251 352 1402 388 terram
1428 350 1599 388 liberam
1619 351 1732 389 omni
1759 353 1923 401 querela
1941 353 1992 390 ad
2011 353 2334 403 hospitalitatem

425 410 650 448 faciendam
671 409 793 455 atque
812 405 901 442 eius
920 404 1156 452 necessaria,
1179 404 1391 442 ecclesiam
1412 403 1552 442 Sancti
1571 404 1687 443 Petri
1706 404 1797 455 (sic).
1854 406 1908 445 Et
1927 408 1973 445 tu
1995 407 2191 446 Gaufride
2209 409 2335 448 libera

425 477 516 501 eam
536 463 624 499 sine
644 473 767 498 mora.
829 459 872 495 T.
896 458 1067 495 Eudone
1087 458 1190 506 Dap’
1209 459 1250 496 et
1270 458 1444 510 Rogerio
1465 458 1624 508 Bigoto.

472 524 597 571 [Liber
612 523 739 563 Albus,
756 520 858 556 York
875 520 1043 565 Minster,
1062 520 1117 555 Pt.
1134 520 1184 565 ΙΙ,
1200 521 1248 555 fo.
1264 520 1335 565 62]

1280 623 1488 662 LXXVII

490 697 691 733 William
713 697 735 731 I
757 705 807 732 or
827 696 890 741 II,
912 696 1123 739 granting
1143 696 1203 731 St.
1229 696 1379 740 Olave‚
1404 695 1588 740 Clifton,
1609 699 1656 732 to
1677 696 1825 731 count
1843 697 1959 732 Alan
1981 695 2267 746 (1070-1100).

478 764 730 811 Willelmus,
751 765 839 802 Rex
859 764 1095 813 Anglorum
1116 763 1331 801 Thirstino
1349 763 1432 811 (sic)
1452 763 1772 813 Archiepiscopo
1788 763 1910 802 Ebor’
1928 768 1967 803 et
1987 766 2065 804 vic’
2087 768 2128 804 et
2147 766 2343 806 omnibus

425 819 660 857 tenentibus
682 818 949 866 Francigenis
970 816 1045 869 [et]
1067 818 1309 867 Anglicanis
1324 818 1374 855 de
1389 817 1688 856 Eurwichscira
1702 817 1894 856 salutem.
1940 819 2085 858 Sciatis
2101 833 2167 858 me
2182 820 2340 860 dedisse

424 873 561 910 Alano
577 872 728 910 Comiti
750 873 950 910 Sanctum
968 872 1143 910 Olavum
1160 872 1385 910 Cliftonam
1405 873 1444 909 et
1466 871 1658 922 quicquid
1678 872 1728 910 ad
1749 872 1961 911 ecclesiam
1981 876 2021 912 et
2040 874 2090 912 ad
2109 875 2341 913 manerium

426 927 606 976 pertinet
626 940 634 973 ;
666 928 706 964 et
726 926 818 964 volo
840 927 886 963 ut
907 926 1129 964 honorifice
1150 926 1310 973 habeat,
1333 927 1400 963 διο.

471 990 666 1035 [Bodleian
685 1003 691 1024 :
719 989 939 1024 Dodsworth
960 989 1036 1024 MS.
1056 989 1101 1024 63
1122 989 1169 1024 fo.
1189 989 1211 1023 4
1230 988 1490 1034 (transcript).]

1267 1087 1500 1126 LXXVIII

480 1160 679 1196 William
701 1161 749 1195 ΙΙ
768 1160 817 1195 in
835 1161 994 1196 favour
1013 1161 1062 1196 of
1077 1161 1154 1197 the
1173 1162 1334 1205 Abbey
1354 1161 1404 1195 of
1421 1161 1479 1196 St.
1503 1161 1738 1196 Edmunds
1758 1161 1895 1206 Bury,
1917 1162 2189 1205 concerning
2208 1162 2286 1198 the

881 1224 957 1250 soc
976 1216 1026 1249 of
1040 1214 1164 1258 eight
1184 1215 1274 1250 and.
1293 1225 1318 1250 a
1338 1215 1436 1250 half
1450 1215 1683 1251 hundreds
1702 1213 1737 1262 (ἶ)
1754 1214 1884 1261 1087).

477 1283 723 1322 WVillelmus
753 1296 821 1321 rex
859 1284 1095 1333 Anglorum
1136 1283 1336 1333 episcopis
1374 1283 1594 1322 comitibus
1623 1286 1665 1321 et
1693 1283 1917 1322 baronibus
1954 1286 1995 1322 et
2032 1284 2345 1323 vicecomitibus

423 1338 649 1387 ceterisque
686 1338 879 1375 fidelibus
915 1338 1003 1375 suis
1041 1337 1229 1376 salutem.
1300 1337 1457 1375 Notum
1494 1337 1611 1376 vobis
1648 1337 1703 1376 sit
1741 1338 1848 1387 quod
1885 1338 1981 1377 volo
2019 1342 2065 1376 ut
2101 1339 2230 1377 sokna
2267 1339 2340 1388 viij

422 1391 732 1430 hundredorum
760 1394 801 1430 et
826 1391 992 1429 dimidii
1017 1393 1105 1430 tam
1129 1391 1308 1441 pleniter
1334 1391 1586 1430 monasterio
1612 1391 1751 1430 Sancti
1777 1391 1989 1430 Edmundi
2015 1393 2138 1431 modo
2163 1393 2343 1431 adiaceat

422 1446 530 1483 sicut
558 1445 743 1484 Alfricus
770 1446 884 1484 filius
911 1445 1137 1495 Wythgari
1165 1447 1204 1483 et
1232 1447 1372 1495 postea
1409 1445 1619 1494 Ordgarus
1650 1459 1741 1483 eam
1774 1447 2055 1484 custodierunt
2087 1447 2138 1484 ad
2169 1460 2342 1485 manum

422 1499 576 1537 Ymme
608 1500 748 1548 regine
777 1499 923 1538 matris
960 1499 1155 1538 Edwardi
1190 1500 1305 1548 regis,
1342 1501 1382 1537 et
1412 1499 1519 1538 sicut
1552 1499 1726 1549 ipsemet
1763 1513 1854 1537 eam
1886 1500 1931 1537 in
1970 1500 2164 1538 omnibus
2200 1502 2342 1539 sancto

423 1556 676 1592 concesserat
697 1554 930 1601 Edmundo,
953 1556 993 1591 et
1012 1556 1105 1602 post
1126 1567 1221 1591 eum
1243 1553 1483 1592 Willelmus
1502 1567 1572 1591 rex
1592 1556 1707 1603 pater
1726 1567 1843 1592 meus
1862 1556 2116 1592 concesserat
2135 1556 2278 1592 sancto
2297 1554 2342 1592 in

424 1620 494 1645 sex
532 1608 817 1655 forisfacturis,
855 1607 1010 1646 scilicet
1048 1608 1287 1651 hamsokne,
1326 1608 1526 1657 fithwyte,
1561 1608 1740 1656 forestal,
1780 1608 2052 1658 grithbreche‚
2092 1608 2340 1655 ebberethef‚

422 1662 634 1711 ferdwyte.
695 1662 750 1700 Et
777 1662 853 1700 hoc
881 1662 1076 1700 omnibus
1104 1661 1347 1700 hominibus
1375 1664 1415 1700 et
1444 1662 1595 1712 Anglis
1622 1665 1662 1700 et
1691 1662 1861 1700 Francis
1897 1662 2098 1701 interdico
2126 1665 2173 1701 ut
2201 1662 2347 1701 nullus

421 1729 565 1754 eorum
594 1716 767 1754 eandem
796 1717 971 1754 soknam
1001 1716 1079 1753 sibi
1106 1716 1286 1754 attrahat
1316 1715 1399 1754 nisi
1427 1715 1578 1754 Sancto
1606 1716 1827 1754 Edmundo
1850 1718 1892 1754 et
1915 1717 2063 1755 abbati.
2119 1717 2175 1755 Et
2194 1716 2230 1755 si
2250 1716 2343 1767 quis

422 1770 612 1819 deinceps
632 1770 715 1808 hiis
735 1770 1036 1817 contradixerit,
1059 1771 1151 1820 quis
1170 1771 1226 1808 sit
1245 1770 1348 1808 scire
1368 1769 1473 1808 volo.
1533 1771 1577 1808 T.
1601 1770 1818 1809 AEdwardo
1834 1770 1844 1789 ¹
1866 1771 1961 1809 Sar'.

471 1833 579 1879 [Add.
596 1833 673 1868 MS.
691 1834 816 1877 14847,
835 1833 882 1869 fo.
904 1834 949 1869 32
965 1837 1017 1869 νο.

511 1882 556 1915 Ε.
568 1882 615 1915 H.
626 1883 668 1915 R.
686 1881 782 1916 xxiv.
800 1880 896 1926 424]

1172 1927 1182 1946 ¹
1209 1927 1287 1963 MS.
1304 1927 1373 1962 ins.
1392 1929 1577 1973 Episcopo.

1288 2019 1477 2057 LXXIX

622 2090 823 2127 William
853 2092 902 2126 II
930 2091 978 2126 in
1007 2092 1168 2128 favour
1197 2092 1247 2127 of
1271 2093 1331 2128 st.
1366 2093 1501 2128 Peter
1530 2092 1580 2126 of
1604 2091 1825 2136 Chertsey
1853 2089 2138 2139 (1087-1100).

476 2159 545 2198 W.
580 2173 651 2197 rex
688 2160 845 2209 Anglie
882 2160 1018 2198 iustic’
1046 2160 1123 2198 vic'
1150 2160 1354 2199 ministris
1382 2163 1421 2198 et
1450 2159 1643 2198 fidelibus
1680 2160 1767 2198 suis
1794 2160 1924 2198 totius
1961 2160 2114 2210 Anglie
2151 2160 2339 2200 salutem.

425 2213 572 2252 Sciatis
600 2227 666 2251 me
695 2215 942 2252 concessisse
968 2216 1009 2252 et
1028 2214 1209 2264 presenti
1235 2217 1343 2252 carta
1369 2214 1630 2252 confirmasse
1660 2215 1745 2252 Deo
1772 2217 1811 2252 et
1831 2214 1982 2252 Sancto
2002 2215 2126 2254 Petro
2146 2217 2187 2253 et
2205 2215 2344 2254 abbati

423 2269 464 2305 et
484 2268 698 2306 monachis
728 2269 776 2305 de
806 2268 960 2307 Certes’
979 2281 1123 2306 omnes
1149 2282 1214 2306 res
1241 2272 1282 2306 et
1310 2269 1590 2317 possessiones
1618 2281 1711 2306 suas
1740 2269 1987 2318 ubicumque
2011 2268 2107 2317 sint,
2132 2269 2283 2308 liberas
2302 2272 2343 2309 et

423 2322 580 2371 quietas
599 2321 650 2359 ab
671 2322 867 2360 omnibus
883 2322 1164 2360 exactionibus
1177 2325 1217 2360 et
1235 2322 1605 2361 consuetudinibus
1620 2336 1697 2372 que
1713 2323 1763 2360 ad
1779 2336 1846 2360 me
1860 2322 2070 2372 pertinent
2085 2324 2126 2361 et
2140 2322 2348 2362 ministris
2418 2366 2419 2375 ἵ

422 2376 536 2423 meis,
558 2376 666 2414 sicut
684 2376 820 2426 aliqua
839 2377 1008 2415 ecclesia
1026 2376 1176 2415 melius
1196 2378 1236 2414 et
1255 2377 1424 2415 liberius
1444 2378 1557 2415 tenet
1575 2376 1620 2414 in
1640 2390 1765 2426 regno
1784 2390 1887 2415 meo.
1944 2377 1998 2414 Et
2010 2377 2188 2416 habeant
2206 2390 2343 2416 socam

423 2431 463 2468 et
488 2443 636 2478 sacam,
663 2431 723 2468 tol
747 2433 787 2468 et
807 2432 892 2468 tem
912 2433 952 2469 et
979 2431 1321 2480 infangenetheof
1346 2433 1386 2469 et
1408 2430 1643 2480 gridbriche
1667 2434 1708 2468 et
1732 2430 1900 2469 forestel
1926 2433 1967 2468 et
1990 2431 2346 2470 flemenefremthe

424 2485 464 2521 et
497 2484 766 2522 hamsocnam
794 2498 865 2534 per
899 2486 1029 2523 totam
1058 2487 1211 2523 terram
1243 2498 1372 2529 suam,
1403 2485 1510 2523 sicut
1541 2488 1648 2523 carte
1678 2485 1786 2534 regis
1815 2485 2010 2523 Edwardi
2038 2487 2078 2523 et
2106 2485 2232 2534 patris
2260 2486 2343 2524 mei
2416 2491 2423 2527 51

423 2540 640 2576 testantur.
701 2539 886 2577 Concedo
911 2539 1037 2577 etiam
1066 2540 1114 2577 ut
1138 2539 1301 2588 capiant
1326 2539 1375 2577 de
1401 2538 1534 2577 boscis
1559 2539 1645 2577 suis
1667 2539 1716 2577 ad
1743 2539 1993 2577 necessarios
2012 2552 2109 2577 usus
2131 2552 2227 2578 suos
2254 2540 2347 2578 sine
2420 2548 2422 2560 ⁵

422 2592 559 2641 aliqua
588 2592 900 2631 disturbatione.
961 2593 1015 2631 Et
1043 2593 1222 2631 habeant
1247 2606 1366 2631 canes
1390 2606 1487 2631 suos
1511 2593 1561 2630 ad
1588 2593 1808 2643 capiendos
1829 2592 1990 2642 lepores
2013 2595 2052 2631 et
2080 2593 2209 2643 wlpes
2236 2594 2341 2633 sicut
2415 2587 2417 2635 ῗ

423 2646 659 2685 habuerunt
680 2650 864 2696 tempore
883 2647 1009 2696 patris
1029 2648 1122 2686 mei.
1182 2647 1227 2686 T.
1249 2647 1342 2685 Vrs’
1363 2647 1413 2685 de
1432 2647 1594 2685 Abetot.

475 2709 622 2755 [P.R.O.
641 2710 775 2746 Cartae
793 2710 991 2755 Antiquae,
1012 2711 1034 2744 4
1054 2710 1126 2756 (12)
1143 2723 1150 2752 ;
1177 2710 1314 2746 Cotton
1334 2710 1409 2744 MS.
1428 2710 1604 2746 Vitellius
1621 2710 1664 2746 A.
1684 2709 1786 2752 XIII,
1807 2710 1853 2745 fo.
1873 2709 1944 2755 54.]

1303 2804 1466 2842 LXXX

611 2875 813 2912 William
842 2876 890 2910 II
920 2875 968 2910 in
997 2876 1155 2911 favour
1185 2876 1234 2911 of
1258 2877 1320 2912 St.
1349 2876 1567 2913 Benedicta
1596 2876 1646 2911 of
1670 2876 1837 2912 Hulme
1865 2873 2148 2923 (1093-1100).

474 2942 543 2982 W.
568 2957 638 2982 rex
658 2944 892 2994 Anglorum
919 2943 972 2983 H.
997 2944 1139 2982 comiti
1165 2946 1204 2982 et
1232 2945 1452 2983 Goscelino
1475 2944 1682 2995 preposito
1705 2944 1896 2982 salutem.
1950 2944 2139 2993 Precipio
2158 2943 2275 2983 vobis
2295 2945 2342 2982 ut
2415 2941 2418 2951 '

423 2998 615 3047 saysiatis
643 2998 854 3036 abbaciam
893 2998 1032 3036 Sancti
1065 2999 1280 3036 Benedicti
1309 3003 1348 3037 et
1378 2999 1649 3048 Ranulphum
1678 2998 1929 3036 monachum
1958 2998 2007 3036 de
2034 3000 2203 3036 centum
2240 2998 2346 3036 acris
2410 2993 2417 3041 ἶ

2410 3083 2411 3099 l

424 3105 557 3144 tribus
586 3106 802 3153 bordariis,
822 3106 928 3144 sicut
955 3106 1123 3144 ecclesia
1151 3106 1293 3144 Sancti
1316 3107 1532 3144 Benedicti
1560 3106 1656 3144 inde
1684 3108 1770 3144 erat
1797 3107 1950 3156 saysita
1975 3119 2021 3144 eo
2045 3105 2109 3144 die
2128 3119 2208 3156 quo
2227 3108 2346 3156 pater
2409 3102 2416 3164 ³1

424 3172 542 3197 meus
571 3160 651 3197 fuit
679 3160 803 3198 viuus
833 3163 873 3198 et
901 3162 1106 3199 mortuus.
1175 3161 1230 3198 Et
1257 3161 1395 3198 sciatis
1423 3161 1531 3210 quod
1561 3161 1640 3198 ista
1666 3162 1773 3198 terra
1805 3160 2033 3198 inbreuiata
2059 3159 2140 3198 fuit
2166 3160 2211 3198 in
2240 3159 2347 3198 meis
2408 3168 2415 3216 ξξ

425 3213 619 3251 breuibus
648 3214 696 3252 ad
728 3228 829 3263 opus
855 3214 1023 3252 ecclesie
1054 3215 1194 3253 Sancti
1222 3214 1439 3253 Benedicti
1466 3214 1537 3264 qui
1565 3216 1663 3252 sunt
1692 3214 1737 3251 in
1764 3214 1955 3252 thesauro
1982 3227 2074 3251 meo
2101 3213 2338 3264 Wyntonie.
2408 3214 2414 3252 Ῑ·

426 3267 481 3305 Et
500 3267 577 3305 hoc
596 3269 801 3305 testantur
823 3268 965 3306 breves
985 3268 1067 3305 mei
1089 3268 1136 3306 de
1155 3281 1188 3305 c.
1210 3269 1312 3306 acris
1335 3270 1443 3306 terre
1463 3271 1503 3306 et
1522 3268 1565 3317 vj
1585 3267 1689 3306 acris
1713 3268 1820 3317 prati
1843 3269 1885 3306 et
1907 3269 2083 3317 quatuor
2103 3267 2342 3306 hominibus
2407 3270 2414 3347 i

2406 3340 2423 3412 Γ).

427 3324 470 3411 ἰιζ
485 3320 764 3412 ζῖγῃῒθτΐοῇιᾶ
784 3324 825 3382 et
844 3322 1016 3372 triginta
1035 3323 1136 3360 acris
1156 3322 1200 3360 in
1220 3322 1328 3360 Burc
1348 3324 1389 3360 et
1408 3322 1453 3372 iij
1470 3321 1681 3361 bordariis.
1741 3321 1934 3360 Testibus
1948 3321 2136 3371 episcopo
2151 3321 2345 3360 Dunelm’

427 3387 447 3411 e
547 3404 555 3412 .
578 3388 699 3412 cance
734 3388 831 3414 ario.

481 3436 634 3482 [Cotton
655 3438 732 3473 MS.
746 3438 867 3473 Galba
884 3437 924 3474 Ε.
943 3439 991 3481 ΙΙ,
1012 3439 1060 3474 fo.
1080 3439 1124 3474 30
1136 3442 1185 3474 v0.

521 3487 740 3520 Monasticon
761 3485 827 3519 III.
846 3486 911 3526 86;
938 3485 1113 3531 Bigelow‚
1132 3488 1269 3521 Placita
1289 3488 1332 3520 A.
1348 3488 1390 3522 Ν,
1410 3498 1444 3530 p.
1464 3486 1537 3531 72]

2404 3547 2423 3585 ff.

2403 3588 2409 3599 ιι
