2423 3749
115 196 190 226 122

115 825 298 861 Calendar

117 872 183 909 No.
205 870 280 906 149.

115 2308 299 2346 Calendar

114 2355 179 2392 No.
201 2356 266 2391 146
281 2373 314 2395 (r.

999 173 1312 217 CHARTERS
1354 173 1430 214 OF
1471 173 1732 214 WILLIAM
1774 174 1796 213 I

412 295 523 333 inter
556 294 792 344 episcopum
823 291 864 327 et
898 288 1089 327 abbatem
1123 288 1405 325 conuenerunt
1437 287 1479 324 et
1516 285 1624 323 iuste
1658 286 1957 334 iudicauerunt,
1994 289 2036 325 et
2068 289 2331 327 assenserunt

414 348 666 387 unanimiter
685 344 793 394 quod
816 342 1009 380 Arfastus
1027 341 1255 390 Episcopus
1275 340 1501 390 predictam
1521 339 1735 378 ecclesiam
1755 341 1794 377 et
1814 340 1960 378 villam
1982 341 2135 379 iniuste
2156 341 2330 392 require-

413 402 484 440 bat
502 403 542 439 et
561 399 702 437 Abbas
721 410 767 434 ea
790 397 897 434 iuste
922 395 1071 433 habere
1091 394 1275 441 debebat,
1298 395 1338 432 et
1360 394 1469 442 quod
1487 393 1680 431 Arfastus
1700 393 1912 443 episeopus
1932 407 2064 444 neque
2083 408 2332 434 successores

412 455 501 493 eius
520 454 569 491 de
590 452 749 501 prefata
766 449 934 488 ecclesia
953 450 994 486 et
1011 448 1113 488 villa
1131 448 1262 486 nichil
1281 448 1503 486 reclamare
1522 447 1737 485 debebant.
1788 447 1904 496 Quod
1923 450 1964 486 et
1979 450 2087 486 stare
2104 450 2145 487 et
2158 449 2333 488 firmiter

412 508 659 547 inuiolatum
679 516 845 541 manere
864 503 1054 552 precipio.

460 571 516 615 [Β.
531 569 580 602 Μ.
595 568 688 602 Add.
707 567 782 601 MS.
805 565 930 606 14847,
950 566 998 600 fo.
1017 565 1062 599 32
1080 569 1120 600 v⁰
1139 565 1290 605 (Album
1311 563 1525 608 Registrum
1543 563 1576 598 S.
1597 563 1813 606 Edmundi).

504 615 660 696 Prlignted
674 614 751 706 tin)
768 613 952 705 JBattelfs
990 615 1233 658 Antiqm'tates
1259 614 1297 647 S.
1333 613 1522 645 Edmundi
1553 613 1669 655 Buryi
1703 611 1839 656 (1745),
1873 624 1907 656 p.
1946 611 2011 646 146
2059 613 2119 657 (ex
2162 612 2334 658 Registro

550 681 558 696 t
577 672 672 696 acris
692 672 734 696 ae
756 688 763 695 .

1336 744 1415 783 XV

438 819 636 856 William
665 819 688 853 I
717 820 809 855 and
837 818 907 855 his
935 817 1052 863 wife,
1084 816 1553 919 Matflda'(in8{a)vour
1581 817 1630 853 of
1656 817 1732 852 the
1762 817 1882 861 Holy
1911 817 2091 862 Trinity
2118 819 2168 854 of
2192 818 2309 854 Caen

1342 873 1364 907 Ο
1442 897 1450 905 .

467 941 665 991 Quisquis
687 940 841 980 sanctis
865 940 931 979 dei
955 940 1135 979 ecclesiis
1158 939 1386 989 quamlibet
1412 952 1579 978 suarum
1604 952 1741 978 rerum
1764 939 1996 990 portionem
2015 939 2061 978 in
2088 939 2338 978 beneficium

413 996 603 1035 attribuit
622 995 667 1033 in
683 995 824 1033 celesti
840 1008 964 1044 regno
979 1008 1003 1033 a
1017 1007 1184 1033 summo
1199 993 1446 1032 retributore
1460 993 1543 1031 sibi
1558 1007 1816 1043 nequaquam
1831 993 2057 1032 diffidimus
2071 993 2334 1032 remunerari.

413 1051 673 1100 Quapropter
695 1061 769 1099 cgo
793 1049 1036 1087 Willelmus
1059 1048 1298 1098 Anglorum
1321 1061 1392 1085 rex
1419 1047 1755 1086 Normannorum
1785 1050 1906 1097 atque
1933 1047 2337 1086 Cenomannensium

412 1104 615 1154 princeps,
639 1116 801 1142 necnon
825 1105 867 1141 et
896 1116 999 1141 uxor
1028 1115 1119 1140 mea
1145 1101 1449 1143 †Harmildis†
1479 1101 1620 1151 regina
1649 1102 1847 1140 Balduini
1876 1101 2196 1140 Flandrensium
2225 1101 2342 1140 ducis

412 1158 499 1196 filia
517 1158 735 1208 neptisque
755 1156 929 1195 Henrici
954 1157 1207 1195 Francorum
1229 1155 1505 1194 illustrissimi
1525 1156 1643 1205 regis,
1666 1157 1811 1194 damus
1841 1158 1882 1194 et
1910 1156 2213 1206 imperpetuum
2242 1168 2335 1193 con-

412 1213 597 1251 cedimus
611 1211 776 1250 ecclesie
793 1212 943 1249 Sancte
957 1210 1184 1258 Trinitatis,
1204 1223 1329 1260 quam
1344 1223 1417 1259 pro
1434 1209 1565 1247 salute
1581 1211 1815 1249 animarum
1826 1212 2061 1248 nostrarum
2074 1210 2118 1247 in
2133 1209 2339 1248 territorio

412 1266 584 1305 Cadomi
599 1265 942 1313 coedificavimus‚
958 1265 1035 1303 hos
1049 1264 1333 1313 infrascriptos
1352 1264 1558 1302 manerios
1578 1277 1674 1302 cum
1695 1264 1887 1302 omnibus
1906 1263 2160 1314 appendiciis
2175 1263 2262 1302 suis
2280 1263 2337 1301 ita

411 1321 581 1370 quidem
600 1321 758 1358 solutos
778 1322 817 1358 et
837 1319 999 1369 quietos
1019 1319 1126 1357 sicut
1143 1320 1260 1356 erant
1281 1318 1345 1356 die
1364 1330 1444 1368 qua
1463 1317 1694 1356 Edwardus
1712 1332 1784 1356 rex
1802 1318 1926 1358 vivus
1949 1320 1991 1356 et
2017 1320 2206 1356 mortuus
2230 1317 2310 1355 fuit
2327 1331 2336 1356 :

411 1375 568 1413 scilicet
587 1374 826 1412 Feldestede
846 1374 889 1411 in
905 1373 1105 1412 comitatu
1117 1373 1166 1411 de
1183 1372 1362 1419 Essessa‚
1382 1372 1685 1421 Hamptoniam
1704 1372 1749 1410 in
1763 1372 1962 1411 comitatu
1977 1372 2027 1410 de
2043 1371 2333 1419 Glouecestria,

411 1429 632 1467 Tarentam
651 1428 697 1465 in
717 1427 915 1466 comitatu
936 1428 986 1466 de
1006 1427 1197 1466 Dorseth.
1260 1426 1381 1464 Hanc
1401 1427 1539 1476 itaque
1554 1426 1755 1464 cartulam
1775 1429 1816 1465 et
1834 1428 1975 1465 nostra
1992 1427 2033 1464 et
2051 1426 2337 1476 episcoporum

411 1496 456 1521 ac
486 1483 730 1532 magnatum
763 1483 1000 1520 nostrorum
1034 1480 1275 1519 auctoritate
1308 1480 1604 1519 confirmamus
1636 1493 1745 1518 anno
1778 1480 1828 1519 ab
1863 1480 2145 1518 incarnatione
2178 1479 2337 1518 domini

412 1536 637 1575 millesimo
664 1536 793 1586 lxxxij
822 1535 1052 1574 indictione
1079 1535 1158 1583 vta,
1179 1547 1225 1572 ea
1248 1534 1439 1573 videlicet
1466 1534 1707 1572 condicione
1735 1537 1783 1573 ut
1811 1535 1847 1573 si
1877 1534 1969 1585 quis
1997 1533 2216 1572 temerario
2234 1546 2337 1572 ausu

412 1590 670 1641 persistendo
706 1590 865 1640 aliquid
902 1590 1105 1640 surripere
1150 1589 1417 1638 temptaverit
1462 1589 1683 1627 anathema
1724 1589 1859 1627 factus
1899 1588 2191 1627 ortodoxorum
2232 1600 2338 1626 com-

413 1645 619 1683 munitate
639 1647 774 1683 careat
792 1645 979 1694 iramque
993 1644 1058 1682 dei
1078 1643 1377 1693 omnipotentis
1395 1643 1588 1681 incurrat.
1645 1643 1823 1692 Signum
1840 1648 1863 1683 †
1879 1643 2090 1681 Willelmi
2102 1641 2338 1692 Anglorum

413 1699 533 1749 regis.
592 1698 769 1748 Signum
800 1703 823 1740 †
853 1698 1017 1737 comitis
1042 1698 1216 1736 Roberti
1240 1697 1465 1735 Moritonii.
1522 1697 1700 1746 Signum
1726 1702 1749 1739 †
1780 1697 2001 1736 Lanfranci
2032 1695 2335 1746 archiepiscopi.

413 1753 591 1802 Signum
625 1757 648 1793 †
689 1752 875 1791 Matildis
911 1752 1062 1801 regine.
1122 1752 1299 1802 Signum
1339 1756 1361 1793 †
1402 1750 1571 1789 Roberti
1609 1752 1775 1790 comitis
1804 1751 1882 1789 filii
1914 1751 2031 1802 regis.
2108 1750 2286 1800 Signum
2315 1755 2338 1791 †

413 1806 667 1845 Walchelini
702 1807 893 1857 episcopi.
953 1807 1129 1856 Signum
1168 1806 1357 1844 Gaufridi
1390 1811 1412 1847 †
1445 1805 1636 1855 episcopi.
1703 1810 1725 1847 †
1758 1806 1976 1845 Gonstard.
2036 1810 2059 1847 †
2099 1805 2275 1854 Signum
2316 1809 2339 1845 †

413 1861 588 1900 Henrici
606 1861 685 1899 filii
704 1861 822 1911 regis.
882 1861 1059 1910 Signum
1082 1859 1293 1898 Willelmi
1314 1864 1337 1901 †
1359 1859 1521 1898 comitis
1539 1859 1618 1897 filii
1637 1860 1756 1910 regis.
1809 1859 1985 1910 Signum
2004 1859 2095 1898 Wil
2113 1864 2135 1902 †
2154 1858 2270 1897 lelmi
2289 1858 2339 1896 de

414 1915 595 1954 Braiosa.
659 1915 837 1965 Signum
863 1919 886 1957 †
917 1915 1105 1964 Stigandi
1132 1914 1324 1964 episcopi.
1383 1914 1561 1964 Signum
1590 1918 1612 1953 †
1639 1913 1768 1953 Alani
1796 1914 1970 1952 comitis
2028 1914 2205 1963 Signum
2225 1917 2248 1954 †
2268 1911 2337 1949 W.

415 1969 465 2007 de
485 1969 712 2010 Warenna.
772 1970 951 2019 Signum
981 1969 1156 2008 Henrici
1175 1973 1199 2010 †
1219 1968 1270 2006 de
1298 1968 1493 2006 Perieres.
1553 1968 1730 2017 Signum
1757 1973 1779 2008 -Ι-
1809 1967 2046 2006 Ethimardi
2074 1965 2336 2006 vicecomitis,

414 2024 593 2073 Signum
607 2030 629 2065 †
643 2023 837 2074 Hugonis
857 2024 906 2062 de
925 2023 1071 2061 Portu.
1114 2022 1289 2072 Signum
1311 2027 1333 2064 †
1356 2022 1509 2071 Rogeri
1528 2022 1679 2071 Bygot.
1721 2022 1898 2072 Signum
1918 2027 1941 2064 †
1963 2022 2157 2071 Hugonis
2176 2020 2342 2060 comitis

416 2077 467 2116 de
487 2078 639 2118 Cestra.
700 2078 875 2128 Signum
896 2082 918 2119 †
940 2077 1103 2115 comitis
1123 2076 1274 2126 Rogeri
1292 2076 1341 2114 de
1362 2076 1671 2126 Montegomeri.

465 2141 640 2187 [Charter
656 2141 752 2185 Roll,
771 2142 815 2177 35
834 2141 901 2176 Ed.
918 2140 988 2184 III,
1005 2153 1053 2175 111.
1071 2140 1121 2185 4.]

1326 2232 1430 2271 XVI

469 2308 647 2344 Record
666 2308 715 2343 of
730 2317 757 2344 a
776 2308 868 2344 suit
887 2307 1164 2350 concerning
1183 2306 1261 2342 the
1281 2306 1426 2350 rights
1447 2306 1497 2342 of
1513 2307 1574 2341 st.
1595 2306 1847 2342 Wandrille
1868 2308 1916 2342 to
1935 2306 2200 2342 administer
2218 2306 2295 2342 the

657 2362 810 2398 ordeal
830 2362 879 2397 of
895 2363 972 2398 the
993 2363 1073 2398 hot
1092 2362 1207 2407 iron,
1229 2363 1330 2405 etc„
1351 2360 1400 2396 in
1421 2361 1522 2396 four
1541 2361 1744 2404 parishes
1763 2358 1889 2408 (Sept.
1912 2359 1947 2406 5,
1974 2358 2106 2406 1082).

476 2430 529 2468 In
555 2430 726 2469 nomine
750 2432 915 2469 sanctae
943 2432 984 2469 et
1011 2430 1249 2470 individuae
1267 2429 1497 2468 Trinitatis.
1556 2429 1662 2468 Cum
1682 2443 1766 2468 non
1782 2430 1836 2468 sit
1855 2431 1998 2468 contra
2015 2428 2282 2479 apostolicam
2300 2433 2341 2468 et

423 2485 661 2524 canonicam
681 2485 978 2524 authoritatem
1003 2485 1125 2535 plura
1151 2484 1400 2524 monasteria
1423 2484 1603 2534 quadam
1629 2484 1797 2533 speciali
1823 2484 2025 2533 dignitate
2044 2497 2133 2522 esse
2152 2483 2342 2523 absoluta

424 2538 477 2577 ab
505 2540 696 2578 omnium
725 2539 1023 2590 episcopalium
1042 2540 1256 2578 vexatione
1284 2540 1325 2576 et
1353 2538 1737 2576 archidiaconorum
1765 2538 1991 2586 vexatione,
2026 2538 2340 2577 Fontanellense

424 2594 724 2632 monasterium
771 2594 815 2631 in
863 2595 1039 2643 quatuor
1083 2594 1170 2632 suis
1217 2592 1495 2631 ecclesiis—id
1543 2594 1614 2639 est,
1666 2592 1876 2641 Caldebec,
1928 2592 2081 2631 Sancta
2127 2592 2339 2641 Gertrude,

424 2647 688 2695 Resentium,
708 2649 750 2686 et
769 2648 920 2687 Sancto
946 2647 1193 2686 Michaele—
1201 2661 1251 2686 ex
1269 2646 1417 2685 multis
1434 2648 1475 2685 et
1500 2646 1552 2684 ab
1577 2646 1759 2696 antiquis
1778 2646 2034 2697 temporibus
2052 2646 2160 2684 hanc
2179 2659 2343 2697 semper

425 2701 563 2739 tenuit
598 2703 641 2740 et
677 2703 793 2740 tenet
830 2701 1146 2740 absolutionem.
1205 2702 1261 2740 Et
1297 2701 1346 2739 de
1384 2713 1464 2749 qua
1508 2700 1707 2750 libertate,
1743 2703 1928 2750 tempore
1963 2700 2179 2738 Guillelmi
2219 2701 2343 2751 Regis

425 2755 661 2804 Anglorum
676 2757 716 2793 et
731 2755 939 2805 Principis
955 2756 1306 2801 Normannorum,
1322 2754 1508 2805 quaestio
1522 2767 1572 2792 ex
1586 2756 1701 2804 parte
1720 2756 1834 2794 mota
1852 2757 1925 2802 est,
1943 2754 2053 2792 inter
2068 2754 2343 2793 Guillelmum

425 2809 793 2860 Archiepiscopum
836 2809 1215 2860 Rothomagensem
1255 2811 1297 2848 et
1335 2809 1571 2847 Gilbertum
1608 2809 1815 2847 Abbatem
1853 2807 2228 2857 Fontanellensem,
2267 2809 2342 2847 hac

424 2863 636 2903 occasione
651 2877 661 2912 3
714 2864 812 2914 quia
845 2864 1011 2913 quidam
1039 2865 1270 2902 monachus
1296 2863 1470 2913 praefati
1498 2863 1739 2901 monasterii
1765 2863 1922 2901 ferrum
1956 2862 2115 2910 iudicii,
2148 2863 2256 2912 quod
2293 2876 2343 2901 ex
2421 2858 2422 2862 ¹

425 2917 598 2967 antiquo
617 2918 706 2956 iure
725 2919 770 2956 in
789 2919 935 2956 eodem
954 2918 1204 2957 monasterio
1229 2919 1327 2964 erat,
1349 2931 1422 2967 per
1451 2917 1727 2966 ignorantiam
1747 2919 1788 2955 et
1806 2930 1855 2955 ex
1875 2917 2051 2966 quadam
2076 2916 2343 2967 simplicitate
2421 2948 2422 2957 ,

428 2971 473 3009 in
518 2972 621 3011 alios
666 2985 768 3011 usus
812 2972 1140 3011 transformavit.
1216 2973 1403 3021 Cumque
1456 2971 1599 3010 Abbas
1643 2971 1799 3010 ferrum
1846 2971 1957 3009 aliud
2004 2971 2342 3020 supranominato

428 3025 749 3077 Archiepiscopo
786 3026 866 3064 sibi
902 3026 1088 3064 benedici
1125 3027 1364 3076 postularet,
1403 3027 1442 3063 et
1479 3024 1843 3075 Archiepiscopus,
1876 3025 2070 3063 dubitans
2107 3026 2250 3063 utrum
2293 3038 2343 3063 ex

427 3079 602 3129 antiqua
639 3080 936 3119 consuetudine
972 3081 1083 3119 idem
1119 3080 1418 3119 monasterium
1462 3079 1617 3117 ferrum
1654 3079 1823 3118 haberet
1860 3079 2015 3127 iudicii,
2054 3078 2163 3129 quod
2201 3078 2345 3118 Abbas

428 3134 673 3183 postulabat,
694 3135 922 3184 denegaret,
946 3134 1107 3173 tamdiu
1135 3147 1200 3173 res
1229 3133 1551 3173 indeterminata
1578 3133 1816 3183 permansit,
1839 3133 1968 3172 donec
1997 3133 2047 3171 ad
2069 3132 2345 3182 praesentiam
2420 3141 2421 3155 ³

429 3189 626 3236 praedicti
674 3189 800 3237 Regis
848 3189 1086 3227 deferretur.
1147 3188 1233 3228 Ubi
1269 3187 1432 3227 Abbate
1477 3189 1735 3226 monstrante
1781 3187 2079 3226 monasterium
2126 3199 2248 3225 suum
2293 3199 2344 3224 ex

430 3242 614 3292 antiquis
654 3242 910 3291 temporibus
956 3245 998 3281 et
1041 3242 1282 3282 huiusmodi
1324 3242 1480 3280 ferrum
1519 3241 1713 3280 habuisse
1749 3240 1794 3279 in
1843 3243 2021 3291 quatuor
2063 3240 2344 3290 predictarum

430 3295 692 3334 ecclesiarum
726 3297 950 3346 parrochiis
980 3294 1057 3348 [et]
1092 3297 1319 3347 quamlibet
1348 3297 1523 3346 culpam,
1553 3308 1768 3334 censuram
1801 3297 1844 3334 et
1876 3295 2112 3334 libertatem
2139 3295 2190 3333 ab
2230 3294 2345 3333 omni

429 3349 743 3400 Archiepiscopi
760 3353 800 3390 et
812 3351 1213 3389 Archidiaconorum
1234 3349 1445 3389 exactione
1464 3349 1601 3399 quiete
1622 3349 1849 3388 obtinuisse
1868 3352 1946 3388 etc.
1986 3349 2110 3387 Facta
2125 3350 2187 3387 est
2206 3350 2345 3387 autem

431 3402 528 3440 haec
547 3404 777 3452 praedictae
799 3417 943 3443 causae
969 3404 1265 3443 determinatio
1287 3417 1397 3443 anno
1416 3403 1468 3442 ab
1487 3403 1776 3442 Incarnatione
1796 3403 1968 3442 Domini
1989 3403 2104 3450 1082,
2119 3401 2347 3441 indictione
2419 3408 2423 3424 ¹⁴

432 3455 588 3505 quinta,
611 3458 734 3497 nonis
771 3458 1040 3509 Septembris,
1070 3458 1114 3497 in
1146 3459 1246 3498 villa
1284 3471 1409 3508 quam
1445 3457 1669 3496 Oxcessum
1695 3459 1856 3506 vocant,
1885 3457 1996 3496 intra
2026 3458 2193 3507 pratum
2230 3455 2351 3495 iuxta·
2419 3494 2420 3498 ,
