2423 3749
878 182 1189 224 APPENDIX

73 293 275 334 Dunelm'.
312 293 500 355 episcopo
536 295 578 331 et
616 293 662 330 R.
705 295 853 332 comite
892 295 941 332 de
980 296 1089 335 Mell’
1130 300 1171 336 et
1211 297 1266 335 H.
1307 298 1454 337 comite
1492 298 1541 337 de
1579 297 1787 337 WVaruuic.
1857 299 1979 348 Apud

74 348 502 387 westmonasterium.

121 415 401 462 [Westminster
415 415 556 459 Abbey,
578 415 829 461 ‘Domesday,'
849 417 898 452 so.
919 417 1014 461 101.]

943 531 1119 571 XXXII

72 604 270 640 William
289 603 312 638 1
333 603 513 639 decides
532 612 558 637 a
577 603 755 640 lawsuit
773 603 820 639 in
839 605 998 640 favour
1017 606 1067 640 of
1087 606 1162 641 the
1185 607 1303 650 Holy
1325 607 1499 651 Trinity
1519 609 1568 643 of
1586 608 1777 651 Fecamp
1794 606 1828 655 (ἱ)
1848 606 1976 654 1086).

126 681 186 719 De
209 676 525 728 peruasionibus
547 689 649 725 quas
668 677 818 715 fecerat
837 678 1077 716 Willelmus
1107 679 1155 716 de
1179 679 1348 717 Braiosa
1375 680 1419 718 in
1449 681 1567 718 rebus
1593 682 1737 720 Sancte
1761 683 1978 721 Trinitatis

72 735 310 787 placitatum
351 731 431 769 fuit
466 729 531 768 ala
568 730 740 778 Choche,
773 732 1003 770 manerium
1031 732 1239 770 Willelmi
1277 733 1378 781 Dou,
1410 734 1625 773 Willelmo
1664 735 1772 785 Rege
1810 739 1977 774 tenente

73 791 228 830 curiam
248 788 288 824 et
307 785 508 844 placitum
534 796 617 822 una
640 784 844 823 dominica
870 786 933 823 die
952 799 975 824 a
993 799 1113 824 mane
1132 799 1260 835 usque
1278 787 1329 825 ad
1349 800 1574 836 vesperam,
1598 790 1858 838 presentibus
1877 790 1977 828 filiis

71 848 112 884 et
131 840 326 883 omnibus
345 837 578 877 Baronibus
597 838 693 876 suis.
738 838 803 876 Ibi
823 839 1042 878 definitum
1062 842 1102 878 et
1121 841 1410 878 concordatum
1429 841 1509 878 fuit
1528 843 1577 879 de
1596 842 1703 880 silua
1723 843 1771 880 de
1791 843 1978 882 Hamoda

72 901 119 938 ut
146 910 217 947 per
235 893 419 933 medium
437 891 684 941 partiretur;
718 894 760 930 et
778 892 948 931 boscum
975 894 1130 931 scilicet
1152 896 1193 930 et
1218 896 1325 932 terra
1353 894 1398 932 in
1421 907 1500 943 qua
1518 895 1662 933 villani
1681 900 1915 936 manserant
1936 900 1976 935 et

72 965 150 1003 que
177 951 228 989 ad
248 948 418 987 boscum
437 945 627 995 pertinet.
675 946 730 984 Et
758 947 874 984 iussu
894 948 1000 996 regis
1023 947 1143 996 hagia
1167 947 1273 985 facta
1294 947 1374 985 fuit
1397 961 1469 997 per
1494 949 1687 996 medium,
1718 952 1757 988 et
1785 952 1973 988 nostrum

72 1005 191 1045 nobis
210 1001 409 1043 remansit
431 1001 473 1037 et
499 1012 621 1037 suum
643 999 871 1038 Willelmo.
929 1002 989 1039 De
1015 1001 1226 1050 sepultura
1250 1001 1387 1039 Sancti
1406 1001 1657 1040 Cuthmanni
1678 1003 1753 1041 hoc
1773 1006 1974 1042 statutum

72 1060 151 1098 fuit
187 1060 234 1097 ut
271 1055 386 1106 quita
422 1055 636 1100 maneret3
678 1056 719 1092 et
752 1054 866 1092 iussu
904 1055 1011 1103 regis
1043 1067 1211 1102 corpora
1238 1055 1537 1101 defunctorum,
1572 1069 1649 1104 que
1683 1057 1731 1093 ad
1767 1058 1973 1096 ecclesiam

71 1111 278 1153 Willelmi
321 1107 480 1157 sepulta
515 1107 687 1154 fuerant,
729 1108 780 1146 ab
819 1108 1061 1146 hominibus
1098 1108 1227 1157 ipsius
1266 1108 1470 1146 Willelmi
1510 1109 1667 1147 defossa
1708 1112 1804 1147 sunt
1844 1114 1883 1148 et
1925 1111 1974 1148 ad

72 1166 300 1206 Ecclesiam
337 1161 478 1202 Sancti
515 1161 771 1200 Cuthmanni
809 1165 1023 1212 reportata,
1063 1163 1113 1200 ad
1148 1162 1377 1211 legitimam
1414 1162 1567 1200 scilicet
1604 1164 1869 1212 sepulturam.
1922 1165 1976 1202 Et

73 1221 302 1260 Herbertus
320 1217 498 1256 decanus
516 1215 658 1253 retulit
679 1216 866 1254 denarios
887 1229 988 1266 quos
1006 1218 1212 1265 acceperat
1231 1216 1279 1254 de
1300 1215 1531 1265 sepulturis,
1555 1217 1605 1254 de
1617 1217 1747 1262 wacis,
1776 1218 1823 1255 de
1850 1218 1978 1267 signis

71 1274 237 1322 sonatis,
274 1275 315 1311 et
349 1271 398 1308 de
426 1271 513 1308 toto
548 1269 655 1318 quod
685 1269 884 1319 accipitur
912 1284 986 1320 pro
1012 1272 1187 1308 mortuo.
1236 1270 1291 1307 Et
1321 1270 1453 1319 primo
1486 1270 1618 1308 iurare
1646 1270 1742 1308 fecit
1770 1271 1976 1320 quendam

71 1329 283 1379 parentem
302 1338 425 1364 suum
444 1323 532 1362 vice
558 1336 632 1361 sua
657 1336 699 1361 se
718 1323 812 1372 plus
836 1337 920 1362 non
944 1324 1145 1363 habuisse.
1205 1324 1272 1361 Ad
1293 1323 1467 1362 Udicam
1486 1326 1717 1373 peruaserat
1738 1324 1978 1362 Willelmus

73 1384 122 1421 de
140 1385 251 1422 terra
271 1380 419 1419 Sancte
445 1376 662 1415 Trinitatis
687 1378 737 1415 ad
765 1391 933 1427 parcum
960 1390 1094 1416 suum.
1146 1377 1266 1416 Vnde
1290 1377 1517 1415 iudicatum
1543 1379 1605 1415 est
1631 1391 1797 1426 parcum
1823 1379 1977 1416 destrui

73 1436 229 1484 debere,
250 1437 292 1474 et
304 1433 559 1473 destructum
572 1433 634 1469 est
651 1445 660 1478 ;
689 1433 798 1470 terra
813 1432 1011 1470 remansit
1031 1431 1155 1481 quita.
1207 1431 1268 1468 De
1287 1444 1479 1469 warenna
1498 1444 1620 1480 quam
1640 1432 1788 1469 fecerat
1807 1431 1850 1469 in
1871 1434 1979 1470 terra

73 1491 220 1530 Sancte
235 1486 453 1527 Trinitatis
469 1486 545 1523 hoc
559 1482 825 1536 iud[i]catum
848 1488 921 1533 est,
942 1487 989 1523 ut
1009 1486 1284 1523 destrueretur
1302 1499 1310 1532 ;
1339 1487 1381 1522 et
1396 1486 1600 1523 destructa
1619 1487 1691 1522 est.
1742 1486 1802 1522 De
1817 1486 1978 1524 teloneo

73 1544 180 1595 quod
196 1541 419 1592 accipiebat
435 1540 485 1578 ad
500 1541 668 1588 pontem
688 1552 811 1577 suum
826 1540 875 1577 de
895 1539 1136 1577 hominibus
1152 1540 1298 1577 Sancte
1313 1538 1535 1586 Trinitatis,
1552 1539 1777 1576 iudicatum
1792 1542 1852 1577 est
1869 1540 1975 1588 quod

73 1612 158 1637 non
190 1597 353 1636 deberet
388 1593 488 1639 dari,
521 1593 672 1642 quippe
702 1594 809 1642 quod
844 1595 1028 1643 tempore
1058 1593 1278 1630 Eadwardi
1310 1593 1418 1641 regis
1451 1605 1663 1641 nunquam
1697 1592 1840 1630 datum
1872 1593 1977 1639 fuit;

72 1655 114 1691 et
141 1654 255 1691 iussu
283 1649 391 1700 regis
418 1647 612 1698 quicquid
640 1647 736 1685 inde
763 1649 973 1696 acceptum
1002 1648 1132 1685 fuerat
1161 1646 1367 1684 redditum
1395 1646 1485 1693 fuit,
1516 1646 1715 1684 telonario
1745 1646 1906 1684 iurante
1936 1660 1979 1684 se

74 1719 158 1745 non
180 1704 360 1754 amplius
382 1701 592 1751 accepisse.
645 1701 706 1738 De
729 1701 907 1739 nauibus
932 1714 1012 1750 que
1036 1700 1260 1739 ascendunt
1288 1700 1338 1738 ad
1364 1701 1529 1749 portum
1556 1700 1696 1737 Sancti
1724 1700 1978 1738 Cuthmanni

73 1761 149 1799 hoc
179 1759 408 1798 iudicatum
441 1755 532 1800 fuit,
563 1754 699 1805 quitas
723 1767 810 1793 esse
836 1755 981 1793 debere
1008 1768 1080 1804 per
1107 1754 1210 1792 duos
1238 1754 1434 1801 denarios,
1469 1753 1722 1792 ascendendo
1753 1755 1792 1791 et
1821 1754 1979 1791 descen-

73 1813 219 1855 dendo,
249 1812 331 1851 nisi
356 1810 471 1850 aliud
498 1810 726 1846 mercatum
752 1809 801 1846 ad
827 1808 1041 1847 castellum
1061 1808 1269 1846 Willelmi
1288 1808 1467 1846 fecerint.
1526 1807 1604 1845 Via
1623 1820 1747 1856 quam
1766 1807 1915 1845 fecerat
1935 1808 1980 1845 in

74 1870 184 1907 terra
208 1867 357 1905 Sancte
383 1862 601 1902 Trinitatis
628 1862 807 1900 iudicata
832 1862 913 1900 fuit
938 1862 1084 1900 debere
1109 1861 1292 1909 destrui3
1318 1863 1358 1899 et
1385 1861 1591 1899 destructa
1615 1863 1687 1899 est.
1747 1860 1807 1898 De
1829 1861 1980 1899 fossato

74 1922 180 1972 quod
207 1921 363 1959 factum
392 1919 524 1956 fuerat
552 1917 603 1955 ad
631 1916 880 1954 conductum
908 1929 1012 1965 aque
1039 1915 1197 1954 castelli
1223 1915 1452 1953 iudicatum
1479 1916 1541 1952 est
1570 1916 1615 1952 ut
1649 1914 1902 1963 repleretur;
1941 1917 1980 1952 et

74 1975 281 2026 repletum
305 1975 367 2012 est
382 1987 391 2020 3
419 1974 459 2010 et
488 1973 597 2009 terra
620 1969 773 2008 mansit
800 1970 924 2019 quita.
982 1970 1042 2007 De
1069 1969 1242 2008 marisco
1267 1969 1345 2007 hoc
1371 1969 1579 2006 decretum
1608 1970 1681 2014 est,
1704 1967 1867 2017 quitum
1895 1980 1980 2006 esse

74 2030 219 2069 debere
247 2040 375 2078 usque
410 2025 459 2064 ad
489 2026 676 2063 montem
701 2023 747 2061 in
772 2024 947 2062 circuitu
974 2025 1015 2061 et
1044 2022 1208 2061 salinas.
1267 2023 1327 2060 De
1357 2022 1497 2059 decem
1524 2024 1565 2059 et
1595 2023 1684 2060 octo
1714 2021 1846 2059 hortis
1874 2021 1978 2060 iudi—

74 2085 213 2123 catum
236 2084 300 2121 est
322 2081 411 2128 hoc,
435 2092 522 2117 esse
546 2077 684 2127 quitos
707 2077 854 2116 Sancte
878 2077 1082 2115 Trinitati.
1142 2077 1203 2115 De
1226 2075 1388 2114 teloneo
1411 2075 1517 2125 quod
1541 2075 1738 2124 accipitur
1760 2088 1829 2124 per
1851 2077 1981 2113 totam

75 2137 348 2187 septimanam
381 2134 458 2172 hoc
491 2132 717 2170 iudicatum
748 2131 837 2177 fuit,
872 2133 919 2169 ut
952 2132 1088 2169 totum
1119 2130 1173 2168 sit
1203 2130 1346 2176 sancti,
1383 2130 1559 2167 Sabbato
1588 2131 1753 2167 tantum
1784 2129 1982 2167 medietas

75 2190 295 2230 Willelmi.
342 2188 432 2227 Hec
447 2186 586 2225 omnia
600 2185 713 2235 quita
728 2187 768 2223 et
783 2185 912 2223 libera
927 2184 1195 2223 Fiscannensi
1206 2183 1371 2222 ecclesie
1384 2184 1678 2221 remanserunt.
1730 2182 1790 2219 De
1805 2195 1981 2231 quorum

75 2244 266 2284 omnium
289 2240 600 2292 peruasionibus
624 2238 865 2278 Willelmus
889 2238 1059 2278 vadium
1083 2239 1129 2276 in
1158 2251 1285 2276 manu
1313 2237 1419 2286 regis
1448 2236 1561 2274 dedit
1588 2236 1631 2273 in
1660 2235 1980 2273 misericordiam

74 2299 176 2348 ejus.
233 2297 310 2337 Hii
347 2296 531 2335 Barones
568 2294 762 2332 viderunt
799 2293 909 2331 hunc
946 2292 1099 2337 finem;
1140 2292 1216 2329 filii
1259 2291 1381 2341 Regis
1413 2289 1654 2328 Willelmus
1686 2291 1726 2327 et
1759 2289 1979 2327 Henricus.

74 2350 386 2401 Archiepiscopi
404 2349 661 2388 Lanfrancus
685 2349 725 2385 et
749 2347 938 2385 Thomas.
996 2346 1187 2395 Episcopi
1213 2345 1455 2383 Willelmus
1484 2342 1787 2391 Dunelmensis,
1817 2342 1979 2380 Walke-

75 2406 187 2445 linus
222 2403 545 2448 Wintoniensis‚
586 2401 799 2450 Remigius
837 2400 1094 2447 Nicoliensis,
1134 2399 1354 2438 Gaufridus
1393 2397 1732 2444 constantiensis,
1777 2396 1980 2434 Robertus

75 2459 313 2506 Gestrensis‚
344 2458 550 2497 Robertus
588 2454 904 2498 Herefortensis‚
941 2453 1178 2492 Osmundus
1216 2451 1528 2498 Salisberiensis,
1564 2450 1786 2488 Mauricius
1823 2450 1980 2487 Londo-

75 2514 242 2553 niensis.
301 2512 483 2552 Comites
524 2509 729 2549 Robertus
767 2509 818 2547 de
856 2508 1087 2555 Meritonio,
1128 2507 1288 2545 Alanus
1326 2505 1485 2553 Ruffus,
1528 2504 1707 2553 Rogerus
1744 2504 1793 2541 de
1826 2503 1978 2541 Monte-

75 2567 290 2617 gomerico.
349 2566 531 2605 Barones
569 2563 768 2602 Ricardus
806 2562 916 2600 filius
947 2561 1169 2600 Gisleberti
1200 2560 1374 2607 comitis,
1412 2558 1678 2597 Baldewinus
1715 2557 1841 2595 frater
1877 2557 1974 2602 eius,

75 2622 259 2672 Rogerus
296 2620 430 2670 Bigot,
470 2619 677 2658 Henricus
714 2617 763 2655 de
798 2617 965 2664 Feriers,
1005 2614 1238 2654 Bernardus
1272 2614 1320 2652 de
1354 2613 1471 2651 Novo
1510 2612 1702 2659 Mercato,
1739 2610 1980 2648 Willelmus

75 2676 177 2724 Dou,
231 2674 357 2724 Hugo
401 2674 450 2712 de
499 2673 613 2719 Port,
664 2671 863 2709 Ricardus
914 2669 1025 2718 Goiz,
1076 2669 1195 2707 Eudo
1242 2667 1406 2717 dapifer,
1460 2666 1664 2704 Robertus
1713 2664 1975 2713 dispensator,

75 2729 279 2768 Robertus
314 2727 428 2767 filius
459 2725 659 2772 Tetbaldi,
698 2724 941 2762 Willelmus
973 2724 1022 2762 de
1055 2722 1208 2769 Percei,
1245 2721 1448 2760 Robertus
1480 2720 1529 2757 de
1567 2718 1753 2766 Roolent,
1794 2717 1980 2766 Nigellus

75 2784 124 2822 de
158 2783 278 2833 Torp,
319 2781 519 2830 Rogerius
556 2780 607 2818 de
645 2778 837 2826 Corcella,
877 2777 1110 2816 Alueredus
1147 2777 1196 2814 de
1232 2774 1401 2821 NicoHa,
1443 2772 1683 2812 Willelmus
1720 2772 1770 2809 de
1812 2770 1976 2818 Falesia,

76 2836 286 2876 Henricus
305 2836 355 2874 de
381 2835 654 2873 Bellomonte.
704 2832 901 2878 Abbates‚
932 2831 1045 2869 Serlo
1069 2830 1193 2869 abbas
1219 2828 1480 2876 Gloecestrie,
1510 2825 1729 2865 Turstinus
1755 2823 1975 2862 Glestonie.

76 2890 266 2930 Monachi
303 2890 452 2929 Sancte
492 2886 718 2932 Trinitatis,
759 2885 1000 2924 Willelmus
1044 2885 1087 2922 et
1125 2883 1327 2922 Raherius
1365 2883 1518 2920 fratres.
1596 2878 1826 2917 Bernardus
1867 2877 1979 2915 filius

75 2944 234 2995 Ospaci.
302 2943 426 2991 Laici,
467 2940 710 2981 Willelmus
746 2938 1014 2985 malcunduit,
1056 2937 1301 2976 Godefridus
1338 2936 1463 2974 frater
1499 2933 1598 2983 ejus,
1641 2932 1782 2979 Soti-iz,
1824 2931 1975 2978 Leviet‚

76 2997 273 3037 Ricardus
292 2997 341 3035 de
362 2996 509 3043 Bodes,
534 2993 742 3033 Geroldin.

122 3065 176 3112 [P.
186 3065 226 3101 R.
236 3065 277 3101 Ο.
294 3065 428 3100 Cartae
445 3063 632 3109 Antiquae
649 3061 779 3107 29(1).]

931 3139 1130 3179 XXXIII

355 3216 554 3252 William
573 3215 597 3250 1
616 3216 666 3252 in
685 3216 844 3252 favour
864 3214 912 3250 of
928 3215 987 3249 St.
1012 3214 1143 3250 Peter
1163 3212 1212 3248 of
1227 3212 1444 3254 Chertsey
1463 3207 1695 3256 (1066e86).

128 3290 196 3330 W.
219 3303 289 3329 rex
308 3289 460 3340 Anglie
477 3289 710 3328 vicecomiti
729 3291 770 3327 et
789 3287 982 3327 omnibus
1006 3285 1208 3324 ministris
1227 3284 1312 3323 suis
1332 3283 1381 3321 de
1400 3282 1566 3322 Sudreie
1588 3280 1778 3320 salutem.
1834 3280 1981 3318 Sciatis

76 3357 142 3383 me
162 3344 409 3384 concessisse
427 3344 513 3382 Deo
533 3345 575 3381 et
594 3343 742 3381 Sancto
758 3343 881 3381 Petro
897 3341 1002 3380 Cert'
1017 3341 1210 3389 quattuor
1228 3349 1453 3385 mansuras,
1476 3335 1631 3374 scilicet
1651 3334 1822 3373 eandem
1837 3333 1978 3372 villam

0 3414 5 3453 ,2
76 3400 116 3436 et
135 3399 347 3449 Eggeham
366 3400 407 3436 et
427 3397 535 3447 Torp
558 3399 598 3435 et
627 3396 888 3435 Ohebbeham
917 3393 1074 3444 quietas
1091 3393 1144 3432 ab
1164 3391 1277 3431 omni
1302 3391 1420 3440 geldo
1448 3391 1488 3428 et
1516 3388 1883 3427 consuetudinibus
1902 3401 1980 3436 que

0 3457 1 3478 l
77 3453 126 3490 ad
155 3465 222 3491 me
245 3451 476 3502 pertinent3
506 3450 661 3489 scilicet
689 3463 757 3489 soc
784 3452 824 3488 et
847 3462 925 3497 sac,
948 3447 1005 3486 tol
1029 3449 1068 3485 et
1093 3449 1178 3484 tem
1202 3447 1243 3483 et
1269 3442 1604 3493 infangenetheof
1630 3443 1671 3480 et
1690 3441 1920 3491 gridbriche
1940 3444 1979 3477 et

2015 611 2195 647 Calendar

2015 658 2080 693 No.
2099 659 2178 694 220.

2013 3208 2193 3242 calendar

2012 3255 2077 3290 No.
2104 3255 2182 3289 224.

2200 207 2273 249 127
