2423 3749
130 183 208 227 124

128 861 310 896 Calendur

128 908 192 941 No.
216 907 291 940 166.

124 1632 304 1667 calendar

124 1680 191 1714 No.
214 1680 288 1713 171.

128 2792 309 2827 0310111131

127 2839 192 2874 No.
213 2839 289 2873 176.

1011 171 1322 214 CHARTERS
1364 172 1440 212 OF
1481 172 1741 212 WILLIAM
1783 172 1806 212 I

427 301 504 336 que
534 289 583 326 ad
615 302 679 325 me
708 287 927 336 pertinent,
959 286 1017 323 sic
1051 285 1207 322 solutas
1241 285 1282 320 et
1311 283 1471 332 quietas
1498 284 1540 321 et
1569 282 1685 320 omni
1713 282 2005 332 cuiuscumque
2033 281 2258 321 exactionis
2285 281 2344 319 111-

425 342 660 390 quietudine
688 343 729 377 et
756 339 921 388 angaria
946 338 1307 387 qualiumcumque
1333 349 1548 374 causarum
1575 336 1620 374 in
1643 337 1710 374 via
1735 338 1776 374 et
1800 337 1925 384 extra,
1953 336 1998 374 in
2024 336 2128 374 festo
2151 338 2193 374 et
2215 337 2341 382 extra,

426 396 482 433 sic
521 396 666 433 liberas
700 394 808 430 sicut
841 392 1052 430 Hal-oldus
1086 403 1224 429 comes
1257 390 1403 428 habuit
1435 390 1501 428 die
1534 403 1614 439 qua
1647 403 1718 428 rex
1749 390 2005 428 Eadwardus
2037 389 2116 427 fuit
2148 390 2271 427 viuus
2303 390 2345 426 et

426 451 624 486 mortuus.
677 447 825 484 Melius
845 446 969 484 etiam
989 448 1029 483 et
1049 445 1210 483 firmius
1229 457 1320 483 mee
1338 444 1669 483 confirmacionis
1683 444 1793 482 dono
1809 455 1921 482 nunc
1940 443 2098 481 habeat.
2157 443 2344 492 Precipio

424 503 546 540 etiam
566 503 613 538 ut
633 503 737 538 terre
756 502 798 537 et
818 500 1008 538 homines
1032 499 1118 537 sint
1141 499 1191 537 ab
1215 498 1331 536 omni
1354 511 1474 547 opere
1497 498 1656 536 castelli
1679 498 1799 536 liberi
1825 498 1866 536 et
1891 497 1943 535 ab
1965 496 2159 535 omnibus
2184 496 2344 545 placitis

424 558 464 593 et
483 554 657 604 querelis
676 556 716 591 et
736 553 1058 599 difficultatibus,
1080 565 1154 590 nec
1175 552 1288 590 ullus
1307 552 1366 590 eis
1384 551 1586 590 molestus
1605 551 1659 590 sit
1679 553 1752 590 aut
1767 552 1851 590 ullo
1868 552 1991 589 modo
2007 564 2049 590 se
2068 550 2346 588 intromittere

424 609 579 656 audeat,
603 609 646 644 in
665 609 775 645 terra
793 607 880 645 sive
903 608 948 645 in
975 620 1091 656 aqua,
1118 606 1205 644 ullo
1230 608 1416 655 tempore
1439 608 1510 644 aut
1529 619 1601 655 per
1620 605 1749 644 ullam
1771 605 2035 653 occasionem,
2060 604 2139 643 nisi
2159 603 2284 642 abbas
2303 605 2346 641 et

423 661 611 700 monachi
630 661 680 698 ad
700 661 924 699 utilitatem
945 661 1195 699 monasterii.

471 724 752 770 [Wcstminster
767 724 906 770 Abbey,
928 724 1189 769 ‘Domesday',
1210 724 1257 759 fo.
1279 723 1374 768 168]

1344 799 1428 837 XX

500 871 699 906 William
729 871 751 906 Ι
781 872 828 907 in
858 873 1015 908 favour
1043 874 1093 908 of
1116 873 1432 908 westminster
1459 872 1633 916 Abbey,
1665 871 1940 914 concerning
1967 870 2043 906 the
2071 870 2200 906 wood
2228 870 2277 904 os

745 926 991 971 Battersea,
1021 928 1098 964 the
1127 928 1298 962 church
1325 927 1375 961 of
1400 926 1646 970 Celintona‚
1678 928 1763 962 etc.
1793 923 2022 972 (1076—82).

475 992 719 1032 Willelmus
739 1007 810 1032 rex
830 994 1065 1045 Anglorum
1090 995 1134 1033 L.
1158 994 1462 1044 archiepiscopo
1487 996 1528 1032 et
1555 994 1600 1033 O.
1628 994 1841 1033 Baiocensi
1869 994 2058 1044 episcopo
2083 995 2125 1032 et
2151 992 2345 1032 omnibus

422 1046 616 1085 fidelibus
635 1048 721 1086 suis
739 1048 891 1098 Anglie
912 1049 1099 1087 salutem.
1161 1049 1308 1087 Sciatis
1331 1062 1398 1087 me
1417 1048 1523 1087 velle
1548 1050 1594 1086 ut
1619 1048 1744 1087 abbas
1766 1048 1919 1087 Vitalis
1944 1047 2178 1098 etvabbatia
2203 1046 2345 1085 Sancti

422 1100 538 1138 Petri
566 1102 746 1140 habeant
772 1103 1039 1141 venacionem
1068 1104 1117 1141 de
1146 1103 1252 1141 silua
1280 1116 1358 1152 que
1385 1103 1566 1152 pertinet
1594 1103 1645 1142 ad
1675 1102 1992 1150 Patriceseiam;
2021 1104 2062 1140 et
2084 1102 2133 1140 de
2156 1100 2345 1139 ducentis

422 1155 538 1204 equis
557 1156 705 1194 amodo
725 1156 905 1195 habeant
924 1157 1125 1195 decimam
1146 1170 1273 1206 prope
1293 1157 1503 1195 ecclesiam
1523 1158 1564 1195 et
1586 1159 1743 1195 terram
1764 1157 1814 1195 de
1838 1157 2055 1196 Celintona
2081 1168 2205 1206 quam
2230 1155 2344 1193 tenet

422 1209 639 1248 Boselinus
659 1211 709 1248 de
728 1211 835 1249 Diua
852 1225 861 1258 ;
891 1213 932 1249 et
953 1211 1125 1249 domum
1143 1211 1319 1260 predicti
1346 1211 1524 1250 Bosonis
1544 1212 1584 1249 et
1603 1211 1775 1250 domum
1802 1210 1980 1250 Osberni
2005 1209 2219 1248 camerarii
2245 1220 2346 1258 quas

422 1266 644 1302 tenuerunt
663 1264 707 1301 in
726 1265 963 1313 Londonia;
989 1267 1030 1303 et
1044 1264 1142 1302 Wic
1161 1265 1269 1303 sicut
1288 1279 1359 1303 rex
1374 1265 1601 1304 Edwardus
1619 1265 1726 1304 illud
1743 1265 1891 1304 Sancto
1910 1265 2036 1303 Petro
2056 1263 2168 1302 dedit
2187 1265 2229 1302 et
2248 1263 2345 1301 inde

421 1317 501 1355 fuit
519 1317 713 1365 saisitus;
742 1320 784 1356 et
810 1318 990 1357 decimas
1012 1320 1062 1357 de
1087 1320 1203 1357 omni
1221 1319 1320 1358 Wic
1343 1333 1422 1369 que
1441 1320 1492 1357 ad
1517 1332 1585 1358 me
1610 1319 1817 1368 pertinet;
1847 1321 1887 1358 et
1913 1331 2051 1357 socam
2077 1320 2118 1356 et
2143 1329 2277 1356 sacam
2303 1318 2344 1354 et

420 1372 530 1420 leges
567 1385 711 1410 omnes
744 1373 894 1422 ubique
934 1375 974 1411 et
1012 1373 1201 1422 latrones,
1238 1373 1359 1412 sicuti
1396 1373 1484 1423 ipse
1519 1373 1696 1412 Sanctus
1732 1387 1800 1412 eas
1838 1373 1984 1412 habuit
2017 1376 2203 1422 tempore
2235 1369 2345 1420 regis

421 1425 623 1473 Edwardi,
649 1428 690 1464 et
709 1439 783 1476 ego
803 1427 889 1477 ipse
908 1429 1049 1477 postea
1068 1428 1249 1477 predicto
1269 1430 1411 1466 sancto
1436 1441 1504 1466 eas
1523 1425 1713 1466 cencessi.

466 1489 747 1533 [Westminster
763 1490 904 1536 Abbey,
923 1493 931 1508 ‘
945 1490 1188 1537 Domesday',
1208 1491 1256 1526 fo.
1278 1491 1373 1536 168]

1328 1568 1435 1606 XXI

464 1639 665 1675 William
693 1639 729 1684 I,
759 1639 1028 1684 confirming
1056 1640 1233 1677 various
1261 1643 1416 1684 grants
1444 1642 1491 1677 to
1520 1642 1583 1678 St.
1614 1641 1812 1686 Stephon
1842 1641 1891 1676 of
1916 1641 2035 1676 Caen
2064 1636 2296 1685 (1079-82).

473 1706 562 1757 Ego
594 1707 838 1746 Willelmus
875 1722 946 1746 rex
983 1708 1232 1758 Anglorum,
1268 1709 1458 1760 princeps
1495 1710 1852 1749 Nortmannorum
1890 1711 1933 1748 et
1969 1708 2343 1754 Cenomannorum,

420 1762 535 1800 trado
568 1762 762 1800 coenobio
796 1763 937 1801 Sancti
968 1762 1180 1813 Stephani,
1212 1764 1321 1813 quod
1354 1764 1399 1802 in
1431 1765 1562 1814 burgo
1596 1764 1766 1803 Cadomi
1805 1777 1828 1802 a
1856 1777 1923 1801 me
1952 1764 2235 1801 constructum
2267 1763 2343 1810 est,

420 1816 633 1854 ecclesiam
653 1816 793 1855 Sancti
814 1818 1006 1855 Audoeni
1026 1819 1077 1855 110
1096 1818 1267 1856 Viteriis
1290 1831 1386 1856 curn
1410 1820 1498 1857 tota
1522 1821 1632 1857 terra
1655 1832 1779 1868 quam
1809 1819 1924 1856 dedit
1953 1816 2054 1855 Milo
2082 1815 2345 1854 Mariscalcus

423 1871 465 1907 in
494 1870 711 1920 maritagio
740 1884 837 1908 cum
865 1871 952 1909 filia
977 1885 1050 1909 sua
1072 1872 1284 1921 Arphasto
1310 1872 1355 1910 in
1381 1873 1587 1911 territorio
1606 1872 1813 1912 Venuncii
1834 1874 1874 1910 et
1894 1871 2066 1910 Cadomi
2086 1872 2127 1908 et
2145 1868 2343 1909 Valceles.

422 1925 556 1962 Trado
584 1925 710 1962 etiam
740 1926 871 1963 totam
900 1928 1052 1963 terram
1079 1939 1171 1964 cum
1199 1926 1328 1975 pratis
1357 1927 1534 1965 Osberni
1562 1927 1746 1965 Masculi.
1807 1926 1994 1965 Concedo
2023 1938 2186 1975 quoque
2215 1926 2345 1962 totam

421 1982 575 2016 terram
616 1992 741 2027 quam
775 1980 824 2016 de
866 1993 932 2016 me
975 1982 1088 2018 tenet
1131 1981 1326 2018 Giraldus
1368 1981 1575 2020 Masculus
1617 1981 1661 2019 in
1703 1980 1911 2019 territorio
1959 1979 2128 2019 Cadomi
2174 1980 2261 2016 tam
2301 1978 2345 2016 in

421 2032 554 2070 alodio
587 2046 712 2082 quam
746 2033 791 2070 in
826 2034 957 2081 feudo,
988 2034 1254 2072 medietatem
1288 2048 1449 2085 quoque
1481 2035 1647 2073 ecclesie
1678 2035 1717 2074 S.
1750 2033 1963 2073 Michaelis
1997 2046 2091 2072 cum
2125 2032 2347 2071 medietate

421 2086 602 2124 decimae
628 2087 679 2125 ad
708 2087 882 2125 eandem
907 2087 1120 2125 ecclesiam
1146 2088 1392 2137 pertinente,
1414 2102 1541 2138 quam
1566 2089 1681 2128 dedit
1706 2089 1900 2127 iamdicto
1925 2088 2122 2126 coenobio
2145 2086 2349 2125 Radulfus

420 2140 636 2233 ξιῗῇείὺέξὲιῒ·
655 2142 956 2233 1181Ζ301110113011110
983 2142 1110 2190 fieret,
1137 2143 1384 2181 concedente
1414 2143 1592 2194 Hugone
1620 2143 1671 2182 de
1700 2141 2025 2182 Grentemaisnil
2053 2141 2125 2191 qui
2151 2141 2346 2179 dominus

438 2207 514 2287 eoS.
534 2225 744 2288 Will'elml
762 2249 870 2299 regis
885 2249 1129 2298 Anglorum,
1149 2250 1264 2289 ducis
1284 2251 1670 2291 Northmannorum
1688 2253 1730 2290 et
1752 2250 1951 2301 principis
1970 2250 2343 2298 Cenomannorum,

423 2303 462 2341 S.
484 2303 655 2341 Roberti
675 2303 752 2341 filii
772 2304 892 2353 regis,
915 2304 955 2342 S.
972 2304 1178 2342 Willelmi
1196 2305 1504 2355 archiepiscopi,
1527 2306 1567 2346 S.
1593 2306 1782 2344 Gaufridi
1802 2305 2135 2344 Constanciensis
2155 2304 2345 2354 episcopi,

423 2356 463 2396 S.
497 2357 570 2395 Ro’
601 2357 812 2406 Sagiensis
843 2358 1033 2407 episcopi,
1067 2359 1105 2396 S.
1139 2359 1362 2398 Gisleberti
1391 2360 1664 2399 Luxoviensis
1692 2360 1880 2410 episcopi,
1914 2360 1954 2398 S.
1989 2359 2138 2408 Rogeri
2169 2358 2345 2407 comitis,

423 2411 462 2449 S.
485 2411 657 2449 Roberti
687 2411 854 2450 comitis
881 2412 1113 2461 Moretonii,
1148 2413 1187 2451 S.
1213 2413 1381 2452 Roberti
1409 2414 1572 2453 comitis
1597 2415 1647 2452 de
1669 2414 1855 2454 Mellent.
1885 2414 1925 2452 S.
1949 2413 2144 2463 Hugonis
2172 2412 2346 2461 comitis,

424 2466 464 2504 S.
485 2465 554 2504 W.
578 2466 628 2503 de
655 2465 849 2513 Bretolia,
878 2466 917 2504 S.
948 2466 1096 2517 Rogeri
1126 2467 1262 2517 Bigot,
1296 2468 1335 2506 S.
1368 2469 1415 2506 R.
1448 2469 1498 2507 de
1526 2469 1731 2516 Courceio,
1762 2469 1801 2507 S.
1834 2468 2004 2506 Roberti
2032 2468 2081 2506 de
2109 2466 2345 2514 Molberaio‚
2422 2492 2423 2497 =

423 2519 463 2558 S.
494 2519 683 2558 Eudonis
711 2520 788 2557 filii
818 2521 1010 2567 Huberti,
1041 2522 1081 2560 S.
1109 2522 1157 2559 R.
1188 2522 1238 2559 de
1267 2523 1484 2571 Todeneio,
1507 2523 1547 2562 S.
1571 2522 1769 2573 Hugonis
1788 2523 1838 2561 de
1859 2523 2083 2571 Gournaco,
2107 2521 2146 2560 S.
2171 2520 2348 2559 Henrici

423 2573 472 2611 de
491 2572 698 2621 Ferreriis,
721 2574 759 2612 S.
782 2573 963 2613 Walteri
984 2575 1154 2623 Gifardi,
1178 2576 1217 2614 S.
1241 2575 1358 2614 Will.
1383 2576 1574 2627 Crispini.

472 2636 681 2682 [Bodleian,
703 2637 954 2673 Dodsworth's
971 2638 1219 2684 Transcripts,
1239 2639 1317 2683 147,
1337 2640 1385 2675 fo.
1403 2640 1448 2676 30
1468 2640 1579 2685 (from
1598 2652 1620 2676 a
1639 2641 1825 2685 cartulary
1844 2640 1886 2676 of
1900 2639 1952 2675 St.
1972 2637 2212 2685 Stephen’s).]

1320 2721 1453 2760 XXII

486 2791 689 2827 William
718 2793 740 2826 I
770 2792 818 2827 in
846 2793 1008 2829 favour
1035 2793 1083 2828 of
1107 2793 1391 2838 Archbishop
1421 2794 1660 2839 Lanfranc‚
1690 2795 1964 2839 concerning
1993 2793 2274 2839 Newington‚

821 2848 885 2882 St.
917 2847 1085 2883 Martin
1113 2848 1162 2883 of
1187 2849 1333 2884 Dover
1361 2849 1451 2885 and
1480 2849 1689 2894 Sheppey
1717 2848 1947 2897 (1070-83).

475 2912 718 2952 Willelmus
737 2927 809 2952 rex
829 2915 1066 2965 Anglorum
1087 2915 1223 2954 Odoni
1243 2916 1361 2954 fratri
1380 2930 1454 2956 suo
1477 2917 1666 2967 episcopo
1681 2918 1896 2956 Baiocensi
1915 2920 1957 2956 et
1972 2918 2116 2956 comiti
2134 2918 2185 2956 de
2200 2917 2348 2958 Cantia

424 2968 464 3004 et
492 2967 679 3006 Hamoni
706 2969 939 3008 vicecomiti
968 2972 1010 3008 et
1039 2969 1234 3009 omnibus
1261 2970 1456 3010 fidelibus
1483 2971 1570 3010 suis
1601 2972 1648 3010 in
1681 2972 1878 3010 comitatu
1909 2973 2054 3011 Cantie
2081 2971 2349 3021 Francigenis

425 3023 466 3059 et
495 3022 656 3071 Anglis,
692 3023 882 3062 salutem.
955 3023 1103 3062 Sciatis
1135 3025 1243 3073 quod
1273 3038 1347 3074 ego
1380 3026 1556 3064 concedo
1589 3026 1818 3064 Lanfranco
1850 3027 2168 3076 Archiepiscopo
2205 3039 2349 3064 omnes

425 3076 740 3114 consuetudines
772 3077 817 3115 in
850 3077 1018 3116 ecclesia
1050 3078 1100 3116 de
1135 3077 1383 3117 Neuentuna
1415 3092 1515 3129 quas
1545 3080 1735 3118 solebant
1766 3080 1917 3118 habere
1947 3083 2224 3119 antecessores
2259 3079 2350 3118 eius

425 3129 575 3167 melius
595 3133 636 3168 et
655 3131 819 3179 plenius
837 3133 1020 3181 tempore
1040 3133 1347 3171 antecessorum
1368 3146 1555 3172 meorum
1571 3147 1726 3184 regum.
1782 3134 1874 3172 Hoc
1893 3135 2004 3173 idem
2024 3135 2150 3173 etiam
2169 3133 2351 3173 concessi

425 3184 466 3219 et
500 3182 549 3221 de
582 3185 877 3223 consuetudine
910 3199 1036 3235 quam
1068 3186 1241 3236 predicti
1273 3189 1549 3227 antecessores
1581 3188 1669 3226 eius
1697 3188 1904 3227 habebant
1933 3189 1982 3227 de
2011 3188 2179 3227 ecclesia
2206 3188 2350 3227 Sancti

426 3236 594 3275 Martini
626 3239 676 3276 de
709 3239 861 3277 Doffris
895 3241 936 3278 et
967 3240 1168 3289 Sceapeia.
1240 3241 1345 3289 Quia
1374 3241 1469 3281 volo
1502 3243 1550 3281 ut
1582 3242 1668 3292 ipse
1697 3242 1951 3281 Lanfrancus
1978 3245 2020 3281 et
2047 3244 2180 3281 mater
2207 3244 2350 3281 nostra

426 3290 594 3349 ecclesia
622 3292 780 3331 Christi
807 3294 1029 3332 honorifice
1057 3294 1205 3333 habeat
1233 3297 1275 3333 et
1297 3297 1436 3334 teneat
1464 3295 1605 3334 omnia
1633 3309 1709 3346 que
1741 3296 1848 3335 iuste
1880 3297 2029 3336 habere
2060 3296 2180 3335 debet
2211 3298 2254 3335 et
2282 3296 2351 3336 sui

427 3344 527 3403 iuris
554 3348 663 3384 sunt.
733 3347 818 3385 Nec
845 3348 983 3397 aliquo
1011 3348 1133 3386 modo
1164 3349 1396 3387 consentire
1426 3349 1521 3389 volo
1555 3352 1601 3388 ut
1633 3349 1785 3399 aliquis
1817 3350 1997 3401 aliquam
2030 3348 2280 3389 iniustitiam
2310 3350 2349 3389 ei

426 3396 546 3436 faciat
565 3412 687 3449 super
706 3401 934 3440 amicitiam
954 3414 1089 3440 meam
1110 3416 1243 3452 neque
1261 3403 1303 3441 in
1328 3403 1695 3442 consuetudinibus
1714 3404 1800 3443 suis
1818 3418 1951 3455 neque
1971 3405 2016 3443 in
2035 3404 2175 3454 aliqua
2191 3403 2271 3443 alia
2289 3417 2353 3449 re.

476 3459 625 3503 [Cotton
644 3462 719 3498 MS.
738 3463 938 3509 Cleopatra
955 3464 997 3501 E.
1018 3465 1046 3509 I,
1065 3466 1111 3500 fo.
1132 3466 1176 3500 93
1196 3466 1345 3512 (Cotton
1363 3467 1612 3512 transcript).]
