2423 3749
892 194 1196 236 APPENDIX

85 307 164 346 fuit
191 310 376 357 tempore
412 308 538 357 patris
566 307 648 345 mei
677 308 717 345 et
744 306 809 344 die
837 321 916 357 qua
944 308 1183 347 Willehnus
1213 307 1502 346 Dunelmensis
1538 307 1750 357 episeopus
1787 306 1907 345 vinus
1945 310 1984 345 et

85 363 274 399 mortuus
291 361 382 400 fuit.
440 361 485 400 T.
507 360 575 399 W.
598 360 837 399 cancellario
856 363 897 399 et
916 362 1093 400 Fulcone
1112 363 1206 412 cap'.
1264 361 1387 410 Apud
1407 361 1583 399 Pontem
1603 361 1706 398 Arc’.

132 423 315 469 [Dm-ham
332 424 544 467 CathedraL
562 423 812 458 Cartularium
829 423 954 465 Vetus,
973 425 1022 460 fo.
1037 425 1080 459 67
1095 438 1102 465 ;
1128 425 1207 460 Pat.
1222 424 1316 467 Roll,
1333 424 1355 458 4
1375 422 1440 457 Ed.
1457 424 1517 465 IV,
1538 426 1589 468 pt.
1609 425 1640 467 3,
1659 436 1707 458 m.
1725 423 1796 468 27]

980 511 1100 549 XCII

279 581 477 618 Wffliam
507 581 556 616 ΙΙ
584 580 632 616 in
661 581 821 617 favour
850 582 898 617 of
923 582 1001 618 the
1030 583 1188 619 monks
1217 584 1267 618 of
1289 583 1487 618 Durham
1516 580 1797 625 (1096-1100).

136 648 204 688 W.
227 662 299 687 rex
327 650 454 699 Angl’
482 649 557 688 Th.
588 648 889 698 archiepiscopo
917 651 957 687 et
987 650 1032 688 R.
1064 650 1251 700 episcopo
1279 652 1318 688 et
1347 649 1539 687 omnibus
1566 649 1874 687 vicecomitibus
1900 649 1985 687 suis

83 705 125 741 et
151 703 356 750 fidelibus,
379 702 647 752 Francigenis
673 703 714 740 et,
742 702 939 752 Anglicis,
968 703 1084 753 regni
1112 704 1264 752 Anglie
1291 703 1476 741 salutem.
1536 703 1718 752 Precipio
1746 705 1786 741 et
1815 703 1984 740 defendo

86 770 136 795 ne
165 756 357 795 monachi
383 757 452 795 vel
479 755 670 794 homines
707 756 848 794 Sancti
876 756 1092 795 Outhberti
1120 757 1207 795 ullo
1234 757 1356 794 modo
1385 756 1579 805 placitent
1616 757 1680 794 vel
1718 757 1985 805 respondeant

86 810 136 849 de
161 811 282 849 terris
310 810 375 848 vel
403 810 640 848 hominibus
658 810 724 848 vel
753 810 1119 849 consuetudinibus
1139 810 1203 848 vel
1222 810 1315 848 aliis
1334 810 1453 847 rebus
1472 810 1520 847 de
1539 810 1685 858 quibus
1713 810 1841 848 saisiti
1870 812 1983 847 erant

87 864 152 902 die
181 877 260 914 qua
286 862 529 902 Willelmus
555 863 769 913 episcopus
798 863 1088 902 Dunehnensis
1106 864 1226 902 viuus
1254 866 1294 901 et
1323 865 1510 901 mortuus
1538 863 1634 909 fuit;
1663 863 1805 901 sedita
1824 863 1926 900 bene
1946 865 1986 900 et

86 918 221 967 quiete
249 919 289 955 et
316 917 361 956 in
389 931 488 966 pace
516 918 656 956 omnia
683 930 766 965 sua,
798 931 891 956 cum
929 930 1019 956 saca
1052 919 1092 954 et
1121 930 1213 955 soca
1249 919 1290 955 et
1327 916 1385 954 tol
1419 919 1459 954 et
1491 920 1598 954 team
1635 919 1676 954 et
1710 916 1988 966 infangetheof

85 973 126 1010 et
155 971 347 1010 omnibus
383 971 476 1010 aliis
513 971 881 1010 consuetudinibus
917 971 1024 1010 infra
1061 971 1238 1019 burgum
1267 973 1307 1008 et
1344 971 1467 1017 extra,
1498 972 1662 1007 teneant
1698 970 1801 1007 sicut
1838 969 1986 1007 melius

85 1027 309 1064 tenuerunt
336 1025 381 1063 in
408 1025 590 1074 predicto
618 1028 811 1074 tempore.
872 1026 925 1063 Et
952 1025 987 1063 si
1015 1025 1106 1074 quis
1134 1024 1229 1062 inde
1255 1025 1394 1073 postea
1417 1023 1599 1061 ablatum
1619 1024 1679 1061 est
1699 1024 1890 1061 reddatur
1911 1023 1982 1060 eis.

85 1080 129 1117 T.
153 1078 220 1118 W.
244 1078 486 1118 cancellario
506 1081 547 1118 et
565 1078 633 1117 W.
655 1078 878 1117 Peuerello.

138 1142 321 1188 [Durham
349 1141 560 1183 GathedraL
590 1140 714 1176 Prima
743 1141 890 1176 Primae
919 1140 1127 1186 Regalium,
1146 1139 1213 1175 No.
1245 1140 1295 1175 IV
1325 1139 1509 1185 (original,
1537 1139 1702 1184 sealedJ;
1738 1138 1986 1173 Cartularium

226 1189 351 1232 Vetus,
370 1189 417 1225 fo.
436 1189 478 1224 67
498 1192 549 1230 v0,
567 1188 634 1224 No.
650 1188 723 1223 VII
743 1187 894 1233 (copy).]

2018 574 2199 611 Calendar

2021 622 2085 659 No.
2103 624 2181 658 481.
