2423 3749
874 203 1179 245 APPENDIX

947 316 1103 356 XXIII

413 383 613 420 William
642 384 664 418 Ι
694 384 742 419 111
770 385 928 422 favour
956 390 1005 424 of
1028 391 1249 428 Evesham
1277 394 1436 439 Abbey
1464 394 1691 444 (1077—83).

123 450 191 512 W.
210 463 282 511 rex
295 451 529 512 Anglorum
550 450 594 489 L.
613 451 917 504 archiepiscopo
936 458 976 494 et
997 458 1041 494 Ο.
1057 458 1269 498 Baiocensi
1288 460 1473 512 episcopo
1493 466 1532 501 et
1546 466 1740 504 omnibus
1759 467 1981 505 baronibus

71 517 156 544 suls
175 506 307 543 toclus
325 504 475 553 Anghe
495 504 686 542 salutem.
746 506 895 546 Sciatis
922 523 987 547 me
1016 511 1174 550 dedisse
1205 514 1289 552 Deo
1316 517 1357 553 et
1381 516 1525 554 Sancte
1550 518 1676 556 Marie
1695 521 1734 557 et
1753 519 1820 558 W.
1845 520 1981 559 abbati

71 559 120 597 de
146 558 351 596 Euesham
378 557 628 596 Westunam
657 559 850 598 Swellam
876 564 916 599 et
942 563 1252 613 Benigwrtham
1280 571 1320 605 et
1346 568 1447 608 alias
1473 573 1600 609 terras
1625 586 1724 621 quas
1748 573 1833 623 ipse
1857 574 1980 613 abbas

73 611 342 651 diracionavit
379 624 517 649 coram
555 611 702 649 multis
739 613 961 653 baronibus
998 619 1104 656 meis
1140 620 1433 670 Agildeburga.
1512 625 1567 662 Et
1599 626 1691 664 volo
1729 629 1770 664 et
1807 627 1980 666 firmiter

71 665 249 716 precipio
269 666 316 702 ut
338 678 432 704 cum
459 665 532 703 tali
557 665 646 714 lege
672 668 711 703 et
736 665 925 706 libertate
950 672 1086 709 teneat
1110 672 1217 722 ipsas
1243 677 1371 715 terras
1398 677 1503 714 sicut
1529 691 1726 728 umquam
1754 684 1980 720 antecessor

71 720 158 758 eius
185 718 334 758 melius
361 718 499 757 tenuit
527 720 712 768 tempore
740 721 847 770 regis
874 722 1068 762 Edwardi
1095 729 1137 763 et
1164 740 1265 766 meo,
1336 731 1391 768 Et
1420 731 1594 780 precipio
1625 735 1669 770 ut
1696 734 1834 772 nullus
1860 748 1980 784 super

71 773 351 812 defensionem
370 785 506 810 meam
526 772 576 810 de
595 772 680 811 illis
698 774 819 812 terris
837 775 1016 826 aliquam
1037 779 1312 829 calumpniam
1333 784 1368 821 ei
1387 783 1519 821 faciat.

119 836 270 883 [Cotton
288 835 364 871 MS.
382 836 490 881 Vesp.
516 836 556 871 B.
576 836 698 871 XXIV
716 837 901 883 (Register
917 840 959 875 of
974 839 1155 877 Evesham
1172 843 1328 890 Abbey),
1347 847 1394 881 fo.
1420 846 1491 890 28]

956 915 1102 955 XXIV

162 984 260 1020 odo
288 984 337 1020 of
359 984 559 1029 Bayeux‚
588 985 804 1020 Justiciar
832 986 882 1021 of
904 987 1135 1088 Egnglanss)
1152 990 1200 1024 in
1228 991 1388 1028 favour
1416 994 1465 1028 of
1488 994 1706 1031 Evesham
1736 998 1892 1042 Abbey

938 1042 1119 1077 1079-83
1139 1070 1147 1078 .

125 1106 170 1145 Ο.
198 1106 434 1145 Baiocensis
466 1107 680 1156 episcopus
711 1107 906 1146 Wlstano
943 1110 1141 1160 episcopo,
1178 1113 1331 1151 Vrsoni
1369 1117 1409 1152 et
1448 1115 1644 1153 Durando
1685 1119 1725 1154 ct
1758 1118 1982 1170 'Walsterol

70 1160 379 1199 vicecomitibus
412 1161 461 1198 de
498 1161 852 1200 Wiricestreshire
886 1165 926 1201 et
960 1164 1309 1205 Gloucestreshire
1342 1170 1383 1205 et
1415 1168 1698 1207 warewicsire
1727 1173 1767 1208 et
1794 1168 1984 1211 omnibus

73 1213 266 1252 fidelibus
302 1214 410 1264 regis
446 1215 597 1253 francis
635 1218 677 1254 et
713 1216 848 1265 anglis
885 1216 1074 1256 salutem.
1149 1220 1295 1258 Sciatis
1328 1235 1471 1260 omnes
1503 1223 1608 1272 quod
1647 1224 1837 1263 dominus
1870 1239 1983 1264 meus

73 1267 143 1306 W.
175 1281 248 1305 rex
275 1268 453 1307 reddidit
481 1269 567 1307 Deo
595 1270 637 1307 01
664 1270 830 1308 ecclesie
860 1270 909 1308 de
938 1271 1147 1310 Euesham
1177 1276 1217 1311 et
1238 1274 1307 1313 W.
1336 1275 1471 1314 abbati
1500 1277 1591 1314 illas
1618 1279 1745 1316 terras
1774 1292 1872 1328 quas
1899 1280 1984 1329 ipse

73 1321 198 1360 abbas
235 1322 499 1371 explacitauit
535 1336 672 1361 coram
709 1323 767 1372 vij
802 1324 949 1363 schiris
981 1325 1340 1377 Adgildeneberga
1375 1332 1515 1368 contra
1552 1343 1695 1370 omnes
1731 1332 1883 1371 iniuste
1919 1347 1984 1372 eas

74 1377 301 1426 querentes.
362 1375 453 1414 Hoc
472 1378 534 1414 est
553 1377 754 1416 Westona
773 1373 814 1416 01
833 1378 986 1417 Swella
1005 1381 1046 1417 et
1065 1381 1332 1429 Benigwrtha
1351 1385 1391 1420 et
1410 1383 1642 1430 Buuntona‚
1659 1385 1982 1425 Wrthlakefford

75 1431 115 1467 et
135 1429 334 1479 Oleberga
353 1431 395 1468 et
415 1431 712 1470 Kinevvartona
730 1433 772 1470 et
791 1432 1152 1472 Hildeburewrtha
1171 1437 1211 1472 et
1231 1435 1430 1485 Rageleia.
1490 1438 1542 1475 Et
1563 1441 1794 1477 constanter
1813 1440 1984 1478 defendo

74 1496 123 1522 ex
151 1486 267 1533 parte
296 1484 402 1534 regis
430 1486 477 1522 ut
504 1485 645 1523 nullus
672 1486 854 1535 amplius
881 1499 1004 1536 super
1035 1487 1110 1526 hoc
1143 1489 1181 1526 ei
1215 1489 1467 1528 iniusticiam
1500 1491 1633 1529 faciat.
1706 1493 1783 1530 Sed
1818 1494 1917 1532 istas
1945 1498 1982 1532 et

75 1550 219 1628 0111111οἷ5
238 1538 339 1599 alias
359 1540 490 1577 terras
508 1552 602 1577 cum
621 1553 771 1589 magno
791 1540 946 1578 honore
966 1543 1007 1579 et
1030 1555 1124 1591 pace
1148 1545 1294 1582 teneat.
1354 1545 1408 1582 Et
1437 1544 1594 1582 nemini
1623 1546 1717 1584 inde
1746 1549 1982 1596 respondeat

71 1604 155 1630 11151
207 1605 282 1641 egl.

119 1654 273 1701 [Cotton
290 1656 365 1691 MS.
383 1657 494 1702 Vesp.
512 1657 553 1691 B.
572 1657 694 1692 XXIV
714 1657 900 1702 (Register
917 1659 959 1693 of
974 1657 1155 1694 Evesham
1173 1660 1330 1705 Abbey),
1349 1662 1397 1695 fo.
1420 1661 1490 1704 28]

966 1734 1087 1772 XXV

97 1803 296 1840 Wilh'am
324 1805 347 1839 I
378 1805 643 1848 confirming
671 1806 747 1841 the
776 1808 932 1896 ἕΥΞῑέῗ
962 1807 1236 1907 of(G0dfre3)r
1264 1809 1314 1844 of
1338 1809 1544 1845 Bouillon
1574 1813 1620 1846 to
1649 1811 1959 1847 westminster

929 1869 984 1905 ey
1032 1862 1214 1897 1076-84
1233 1890 1241 1897 .

126 1924 196 1963 W.
222 1938 292 1963 rex
311 1926 464 1975 Anglie
483 1925 745 1965 Walchelino
764 1927 953 1977 episcopo
971 1928 1188 1967 Wintonie
1208 1931 1249 1968 et
1268 1931 1461 1969 omnibus
1484 1931 1705 1970 baronibus
1723 1934 1764 1970 et
1784 1933 1986 1972 ministris

75 1979 161 2018 suis
181 1979 349 2018 Francis
367 1982 407 2018 et
427 1980 576 2030 Anglis
597 1981 645 2019 de
668 1981 840 2031 Sutrega
865 1981 1055 2020 salutem.
1116 1983 1262 2022 Sciatis
1290 1997 1356 2022 me
1385 1986 1631 2024 concessisse
1659 1988 1699 2023 et
1728 1988 1987 2026 confirmasse

74 2033 161 2072 Deo
179 2035 221 2071 et
239 2033 388 2072 Sancto
412 2035 536 2072 Petro
562 2037 603 2073 et
626 2035 764 2073 abbati
790 2035 920 2074 Vitali
949 2038 990 2074 et
1018 2037 1230 2075 monachis
1253 2038 1614 2077 Westmonasterii
1641 2039 1732 2077 illas
1760 2042 1842 2078 tres
1870 2042 1988 2080 hidas

75 2100 176 2137 quas
214 2087 439 2126 Gaufridus
475 2088 587 2127 filius
624 2089 787 2127 comitis
820 2090 1033 2128 Eustachii
1072 2104 1144 2140 pro
1183 2092 1368 2130 Beatrice
1406 2106 1530 2131 uxore
1568 2106 1639 2131 sua
1676 2093 1829 2132 ibidem
1863 2095 1986 2133 libere

74 2141 257 2189 donauit,
271 2144 477 2180 annuente
488 2144 588 2180 tunc
602 2143 801 2181 Gaufrido
815 2144 864 2181 de
878 2143 1026 2193 Magna
1038 2145 1148 2184 Villa
1157 2159 1167 2192 3
1186 2159 1311 2183 unam
1324 2146 1513 2185 videlicet
1526 2147 1571 2184 in
1583 2147 1816 2196 Belgeham.
1833 2151 1872 2186 et
1888 2149 1987 2187 duas

74 2194 120 2233 in
135 2194 357 2234 Waletona
375 2195 492 2235 iuxta
510 2195 766 2236 Mordonam.
828 2198 882 2235 Et
901 2198 1080 2248 precipio
1101 2199 1207 2247 quod
1228 2200 1437 2248 predictus
1452 2200 1576 2238 abbas
1592 2202 1632 2237 et
1646 2201 1836 2239 monachi
1852 2202 1985 2240 West-

74 2250 316 2288 monasterii
344 2250 420 2288 has
447 2251 756 2300 prenominatas
784 2254 865 2289 tres
894 2252 1014 2290 hidas
1044 2254 1239 2301 perpetuo
1267 2255 1434 2291 teneant
1462 2253 1562 2291 bene
1591 2256 1631 2291 et
1656 2254 1699 2291 in
1726 2268 1833 2303 pace,
1861 2255 1985 2293 libere

74 2304 116 2341 et
134 2303 371 2351 honorifice,
394 2304 553 2354 quietas
573 2305 623 2343 de
643 2305 814 2343 murdro
834 2306 875 2343 et
894 2305 1014 2355 geldo
1033 2306 1098 2344 vel
1118 2306 1352 2356 danegeldo.
1413 2308 1466 2345 Et
1490 2307 1664 2345 defendo
1684 2321 1736 2345 ne
1760 2308 1909 2357 aliquis
1927 2310 1984 2347 eis

75 2369 197 2407 super
215 2357 321 2396 hanc
344 2371 481 2396 meam
508 2359 661 2408 regiam
689 2359 924 2397 libertatem
951 2361 991 2397 et
1014 2360 1314 2399 concessionem
1336 2360 1528 2399 iniuriam
1548 2361 1613 2399 vel
1633 2364 1833 2400 torturam
1854 2363 1983 2401 faciat.

75 2410 120 2449 T.
144 2411 370 2450 Wuluoldo
389 2412 534 2451 abbate
549 2414 590 2451 et
611 2412 812 2451 Gaufrido
833 2414 881 2451 de
902 2413 1051 2463 Magna
1069 2413 1191 2452 Villa.

119 2475 396 2520 [Westminster
412 2475 552 2521 Abbey,
567 2480 574 2494 ⁴
588 2476 819 2520 Domesday,'
837 2477 886 2511 fo.
908 2477 984 2512 181.

164 2521 358 2568 Armitage
376 2522 575 2564 Robinson,
599 2524 731 2558 Gz'lbert
751 2525 910 2568 Cris-pin,
930 2535 964 2568 p.
986 2523 1079 2568 129]

962 2598 1107 2636 XXVI

112 2664 313 2701 William
342 2666 364 2700 I
393 2665 442 2700 in
471 2666 632 2702 favour
661 2667 710 2701 of
736 2668 920 2701 Samson
950 2666 1021 2701 his
1050 2666 1272 2709 chaplain,
1301 2666 1568 2708 concerning
1597 2667 1671 2701 the
1701 2667 1869 2702 church
1898 2668 1945 2703 of

561 2721 621 2757 St.
654 2721 799 2764 Mary‚
832 2720 1233 2763 wolverhampton
1260 2715 1493 2767 (1074-85).

125 2786 194 2825 W.
217 2800 288 2825 rex
306 2787 539 2837 Anglorum
559 2787 605 2825 L.
629 2788 931 2837 archiepiscopo
951 2789 992 2825 et
1011 2788 1059 2826 G.
1079 2788 1265 2837 episcopo
1285 2787 1515 2825 Constant*
1538 2790 1577 2825 et
1598 2788 1642 2825 P.
1668 2788 1852 2837 episcopo
1872 2790 1914 2826 et
1934 2789 1980 2825 R.

74 2841 303 2879 vicecomiti
322 2842 546 2891 ceterisque
567 2841 654 2880 suis
678 2841 869 2880 fidelibus
895 2842 945 2879 de
973 2841 1284 2880 Estaffordscire
1312 2841 1498 2879 salutem.
1557 2841 1703 2879 Sciatis
1731 2854 1796 2879 me
1824 2842 1981 2880 dedisse

73 2894 292 2944 Sampsoni
311 2895 520 2945 capellano
539 2909 631 2934 meo
651 2895 865 2934 ecclesiam
886 2896 1034 2934 Sancte
1054 2895 1179 2933 Marie
1199 2895 1248 2932 de
1268 2894 1740 2943 Wolvrenehampfflnia,
1766 2908 1858 2932 cum
1875 2897 1981 2933 terra

73 2950 115 2986 et
143 2949 336 2987 omnibus
365 2949 456 2987 aliis
488 2949 611 2987 rebus
644 2951 685 2987 et
718 2949 1094 2997 consuetudinibus,
1127 2948 1233 2986 sicut
1262 2948 1408 2986 melius
1436 2949 1615 2997 predicta
1644 2948 1809 2986 ecclesia
1837 2949 1979 2987 habuit

72 3004 256 3052 tempore
275 3002 381 3052 regis
399 3003 605 3042 Edwardi.
666 3003 721 3040 Et
741 3003 876 3041 videte
896 3004 942 3041 ut
962 3003 1060 3041 haec
1081 3002 1220 3040 omnia
1239 3002 1459 3040 honorifice
1479 3004 1613 3040 teneat
1637 3002 1733 3051 quia
1755 3002 1855 3039 bene
1875 3002 1978 3041 volo.

120 3065 215 3112 [pah
233 3066 327 3107 ΒΘΗ)
347 3065 369 3099 2
386 3066 490 3100 RiCh'
511 3066 559 3110 H’
578 3068 631 3111 pt'
650 3067 684 3111 2'
701 3079 748 3101 m'
771 3066 841 3111 19⁶]
854 3112 866 3135 1
896 3112 959 3147 MS
993 3114 1209 3147 Cz'sterneus·i

944 3187 1116 3226 XXVII

168 3254 367 3290 William
396 3254 419 3288 Ι
447 3254 496 3289 111
525 3255 683 3291 favour
711 3255 761 3290 of
785 3255 846 3290 St.
878 3254 1048 3290 Μαι-1111
1076 3255 1118 3289 10
1150 3255 1316 3297 Grand,
1346 3254 1613 3296 concerning
1641 3254 1746 3289 land
1778 3262 1882 3289 near

336 3326 337 3329 ¹
756 3308 1040 3352 Oripplegate
1066 3304 1299 3356 (1075—85).

126 3375 196 3415 W.
215 3388 287 3414 rex
301 3375 536 3424 Anglorum
554 3375 725 3424 Hugoni
745 3376 931 3425 episcopo
952 3377 991 3413 et
1008 3374 1183 3412 Radulfo
1205 3374 1397 3424 Baynard
1414 3375 1453 3412 et
1472 3373 1660 3412 fidelibus
1678 3374 1763 3412 suis
1777 3374 1979 3412 Londonii

5 3423 8 3431 ⁴
73 3429 260 3469 salutem.
320 3430 438 3467 Dono
465 3431 505 3467 et
526 3429 700 3467 concedo
727 3430 893 3468 ecclesie
921 3428 1061 3466 Sancti
1088 3428 1254 3466 Martini
1283 3427 1572 3465 Londiniensis
1602 3429 1732 3466 totam
1759 3429 1911 3466 terram
1941 3430 1981 3465 et

0 3504 1 3535 {
75 3496 232 3523 moram
253 3485 366 3523 extra
384 3482 720 3534 Orepelesgatam‚
740 3497 789 3521 ex
805 3486 976 3533 utraque
990 3483 1101 3532 parte
1116 3484 1230 3532 porte
1245 3482 1353 3519 inter
1367 3494 1532 3519 murum
1549 3483 1589 3519 et
1604 3481 1785 3520 rivulum
1800 3482 1978 3519 fontium

2194 230 2268 271 125

2013 396 2191 431 Calendar

2014 443 2077 477 No.
2099 443 2173 477 185.

2015 993 2197 1028 Calcndar

2017 1039 2081 1075 No.
2103 1041 2178 1075 186.

2020 1814 2203 1847 Calendar

2021 1860 2084 1895 No.
2111 1860 2189 1896 202.

2014 2672 2197 2706 Calentlas

2016 2719 2080 2752 No.
2101 2718 2179 2752 210.

2014 3248 2196 3282 Calendar

2015 3294 2079 3328 No.
2098 3294 2174 3328 211.
