2423 3749
933 185 1124 227 APPEN
1129 187 1192 228 DI
1196 187 1237 228 X

1003 299 1168 338 XLVII

159 377 163 384 ·
233 367 432 403 William
450 367 499 402 11
527 367 576 402 in
604 367 761 403 favour
790 370 837 403 of
863 370 939 405 the
967 371 1117 407 Abbot
1148 373 1196 408 of
1219 373 1342 417 Bury
1372 375 1431 409 st.
1462 373 1694 409 Edmunds
1715 371 1760 419 (c.
1790 373 1917 421 1087).

141 434 143 437 '
180 432 249 471 W.
281 447 352 472 rex
389 433 538 483 Anglie
567 434 614 472 G.
646 435 825 483 dapifero
854 438 891 474 et
926 437 1125 476 Hei-mero
1163 439 1347 477 salutem.
1421 440 1606 488 Precipio
1646 443 1690 479 ut
1728 441 1851 480 abbas
1889 443 2029 481 Sancti

127 485 340 525 Edmundi
359 500 503 525 omnes
530 489 657 526 terras
685 502 780 527 suas
806 491 845 527 et
873 503 1014 528 omnes
1042 492 1229 530 homines
1254 507 1348 532 suos
1372 493 1429 531 ita
1452 494 1553 531 bene
1582 494 1729 532 habeat
1757 495 1861 533 sicut
1881 495 2030 533 melius

128 539 273 578 habuit
304 540 368 579 die
397 554 477 590 qua
508 543 624 590 pater
652 555 769 580 meus
801 543 881 580 fuit
910 543 1032 582 viuus
1064 551 1104 582 et
1132 548 1332 593 mortuus,
1362 549 1401 585 et
1431 547 1495 584 die
1524 560 1604 596 qua
1631 561 1704 597 ego
1734 549 1957 587 nouissime
1986 549 2029 586 in

127 593 324 644 Angliam
352 595 476 642 veni;
504 597 545 632 et
574 608 718 633 omnes
745 598 1061 636 consuetudines
1089 612 1182 636 suas
1209 600 1424 646 similiter;
1464 601 1559 648 quia
1588 602 1682 643 volo
1711 604 1758 639 ut
1789 615 1861 640 sua
1893 603 2031 641 omnia

127 660 220 686 cum
240 647 394 686 honore
412 650 560 687 teneat.
620 649 674 686 Et
693 649 829 688 videte
848 663 899 688 ne
919 651 1068 700 aliquis
1087 652 1123 689 ei
1144 652 1393 691 iniusticiam
1412 654 1543 691 faciat.
1602 655 1645 693 T.
1668 655 1840 704 Rogerio
1860 656 1995 704 Bigot.

175 700 284 756 [B.M.
301 710 394 746 Add.
413 710 489 746 MS.
511 710 634 754 14847,
655 712 702 747 fo.
723 712 768 747 38
782 716 820 746 v⁰
837 713 1064 759 (Registmm
1082 715 1219 750 Album
1238 715 1271 750 S.
1292 715 1522 761 Edmundi).]

988 800 1176 839 XLVIII

196 868 397 904 Wilfiam
417 869 467 904 II
486 869 534 904 in
553 870 714 905 favour
733 870 782 905 of
798 871 1012 918 Baldwin‚
1035 873 1186 909 Abbot
1207 873 1256 908 of
1270 874 1394 918 Bury
1416 873 1477 909 St.
1498 873 1729 909 Edmunds
1750 873 1796 920 (c.
1825 872 1955 922 1087).

177 935 421 975 Willelmus
448 950 518 975 rex
540 938 694 986 Anglie
723 940 916 977 omnibus
941 940 1140 990 episcopis
1162 941 1381 979 comitibus
1400 942 1624 991 ceterisque
1645 942 1864 980 baronibus
1883 942 1967 979 suis
1986 942 2029 979 in

126 990 320 1028 omnibus
335 991 598 1029 comitatibus
612 992 657 1029 in
673 992 824 1041 quibus
839 993 1118 1042 Baldewynus
1132 995 1272 1032 Abbas
1287 995 1410 1033 habet
1428 997 1554 1033 terras
1569 997 1609 1033 et
1624 996 1821 1042 homines,
1841 996 2026 1033 salutem.

127 1043 282 1082 Notum
308 1045 424 1083 vobis
452 1045 556 1083 facio
579 1046 688 1094 quod
714 1047 970 1096 Baldewyno
996 1048 1152 1086 Abbati
1177 1048 1384 1086 abbatiam
1410 1061 1535 1095 suam,
1562 1061 1656 1086 011111
1687 1050 1781 1086 saka
1806 1053 1845 1086 et
1871 1049 1968 1087 soka
1987 1049 2030 1086 in

125 1098 329 1146 omnibus,
349 1100 436 1136 tam
448 1099 626 1147 pleniter
638 1100 788 1138 habere
802 1101 988 1148 concedo,
1007 1101 1113 1139 infra
1128 1102 1305 1151 burgum
1323 1104 1364 1140 et
1383 1104 1507 1149 extra,
1533 1103 1637 1140 sicut
1658 1103 1883 1141 Edwardus
1901 1116 1971 1140 rex
1991 1106 2029 1139 et

124 1156 216 1200 post
235 1165 331 1189 eum
351 1152 591 1191 Willelmus
611 1166 682 1191 rex
701 1156 818 1203 pater
835 1167 952 1193 meus
971 1155 1050 1193 sibi
1073 1155 1285 1193 concessit.
1341 1155 1478 1204 Neque
1500 1156 1575 1194 hoc
1595 1156 1784 1204 cuiquam
1805 1156 2031 1194 consentire

123 1205 218 1244 volo
238 1207 284 1243 ut
304 1205 383 1244 sibi
402 1206 557 1256 aliquid
576 1220 625 1244 ex
645 1207 727 1245 11118
746 1221 825 1257 que
844 1209 1027 1247 concessi
1046 1209 1272 1247 subtrahat.
1331 1208 1376 1247 T.
1401 1210 1575 1247 Edward
1598 1210 1695 1248 Sar’.

173 1274 283 1320 [B.M.
303 1274 394 1309 Add.
414 1274 489 1310 MS.
512 1274 635 1317 14847‚
650 1275 698 1311 fo.
718 1275 761 1310 33
779 1275 929 1321 (Album
948 1276 1158 1322 Registrum
1177 1277 1209 1312 S.
1229 1276 1453 1321 Edmundi);
1480 1278 1557 1313 also
1576 1277 1676 1312 Harl.
1697 1276 1772 1311 MS.
1793 1277 1870 1319 743,
1891 1278 1938 1312 fo.
1959 1276 2029 1321 60.]

1011 1363 1154 1402 XLIX

164 1433 362 1469 William
383 1434 432 1468 II
453 1434 501 1469 111
521 1435 679 1470 favour
698 1435 748 1471 of
761 1435 842 1479 Bp.
865 1436 1092 1478 Remigius
1112 1436 1161 1470 os
1177 1435 1378 1480 Lincoln‚
1401 1437 1668 1479 concerning
1689 1435 1883 1471 Kirkton
1904 1436 1993 1470 and

554 1489 811 1525 Hiberstow
831 1487 954 1536 (Sept.
980 1490 1040 1535 26,
1068 1487 1367 1524 1087——March
1393 1489 1454 1534 12,
1481 1488 1606 1536 1088).

178 1554 248 1593 W.
265 1568 337 1593 rex
351 1555 583 1606 Anglorum
604 1557 653 1595 N.
672 1557 904 1595 vicecomiti
923 1558 1110 1595 salutem.
1172 1557 1323 1595 Mando
1342 1557 1419 1594 tibi
1439 1559 1485 1595 ut
1504 1557 1626 1595 facias
1640 1558 1826 1606 episcopo
1846 1556 2031 1605 Remigio

126 1611 167 1647 et
186 1610 392 1648 canonicis
412 1610 496 1648 suis
517 1611 666 1649 habere
681 1611 894 1649 ecclesiam
915 1624 1030 1649 suam
1047 1612 1096 1649 de
1111 1611 1381 1649 Chirchetona
1396 1624 1490 1648 cum
1505 1611 1672 1648 decimis
1688 1623 1765 1660 que
1778 1611 1826 1648 ad
1840 1623 1930 1647 eam
1944 1623 2031 1658 per-

126 1664 261 1701 tinent
287 1666 327 1702 et
347 1664 395 1702 de
416 1664 692 1702 Hiboldestou
712 1665 916 1709 similiter,
940 1665 1059 1703 sicuti
1079 1664 1229 1702 melius
1247 1664 1455 1702 habebant
1474 1666 1658 1713 tempore
1676 1664 1806 1713 patris
1826 1664 1921 1701 mei.
1978 1663 2032 1700 Et

124 1717 218 1754 vide
237 1730 288 1755 ne
309 1731 380 1766 pro
400 1719 570 1766 penuria
590 1718 690 1756 recti
708 1718 887 1768 amplius
906 1718 1001 1756 inde
1020 1719 1241 1756 clamorem
1259 1717 1433 1756 audiam.
1493 1718 1535 1756 Τ.
1558 1718 1742 1767 episcopo
1762 1717 2034 1755 Dunelmensi

123 1784 195 1820 per
212 1769 284 1808 W.
305 1772 354 1809 de
373 1772 578 1810 Werelw’.

172 1834 361 1880 [Lincoln‚
383 1834 485 1870 Dean
503 1836 577 1870 and
596 1835 771 1880 Chapter,
791 1835 1002 1880 Registrum
1020 1834 1341 1879 Antiquissimum,
1359 1834 1423 1869 No.
1443 1834 1490 1879 8.]

1068 1922 1102 1960 L

263 1989 553 2041 (Pretended.)
583 1994 769 2029 Charter
798 1994 848 2029 of
870 1993 1067 2029 William
1096 1994 1144 2028 ΙΙ
1173 1995 1220 2028 to
1250 1993 1545 2036 Shaftesbury
1573 1991 1730 2034 Abbey
1750 1989 1896 2037 (1089).

182 2061 287 2100 Cum
319 2061 424 2099 varii
453 2074 700 2099 successores
728 2061 936 2110 incognita
969 2061 1140 2100 veritate
1167 2060 1385 2100 vetustatis
1415 2057 1547 2097 certal
1578 2071 1670 2108 sepe
1698 2058 1852 2096 soleant
1881 2058 2034 2095 statuta

128 2109 433 2153 antecessorum
462 2129 631 2153 suorum
669 2115 821 2153 iniuste
850 2117 1090 2165 pervertere,
1122 2127 1194 2159 ego
1222 2114 1464 2152 Willelmus
1492 2125 1559 2150 rex
1588 2112 1817 2161 Anglorum
1846 2124 1954 2148 anno
1983 2111 2032 2147 ab

129 2168 412 2207 incarnacione
431 2169 591 2207 domini
610 2169 833 2207 millesimo
854 2169 1098 2219 octagesimo
1118 2169 1213 2216 1X0,
1231 2168 1407 2205 secundo
1426 2180 1532 2204 anno
1553 2166 1633 2203 mei
1652 2165 1822 2213 imperii,
1842 2164 2033 2202 omnibus

129 2222 231 2261 meis
259 2223 555 2261 successoribus
584 2223 753 2273 designo
779 2224 886 2271 quod
914 2236 988 2271 ego
1012 2224 1176 2272 propter
1201 2221 1407 2259 iusticiam
1430 2222 1471 2257 et
1492 2220 1688 2257 honorem
1710 2219 1796 2265 Dei,
1818 2220 1858 2255 et
1876 2231 1948 2266 pro
1968 2231 2033 2277 me

128 2278 170 2314 et
198 2290 271 2326 pro
298 2277 436 2315 anima
463 2276 591 2325 patris
620 2277 703 2314 mei
731 2277 836 2326 regis
863 2277 1066 2314 Winelmi
1095 2278 1134 2313 et
1163 2275 1306 2313 matris
1338 2288 1436 2321 mee,
1469 2274 1574 2311 dono
1602 2275 1641 2310 et
1669 2272 1841 2310 concedo
1865 2271 2032 2331 00010810

130 2331 277 2369 Sancte
305 2331 430 2369 Marie
459 2332 501 2367 et
530 2331 668 2368 Sancti
696 2331 891 2369 Edwardi
918 2331 966 2368 de
995 2329 1249 2376 Seftesberia,
1283 2328 1445 2366 Eularia
1472 2326 1673 2364 abbatissa
1701 2327 1932 2384 superstite,
1959 2325 2032 2385 1138

129 2386 258 2422 terras
285 2384 534 2434 subscriptas
562 2385 606 2422 in
633 2385 856 2422 elemosina
880 2397 981 2433 pura
1009 2386 1048 2422 et
1080 2384 1208 2421 libera
1244 2382 1546 2431 imperpetuum
1576 2379 1850 2429 possidendas,
1879 2378 2032 2438 scilicet

131 2437 428 2477 Kelmetunam
457 2451 578 2488 quam
607 2439 720 2476 dedit
749 2439 864 2476 Serlo
893 2439 941 2476 de
970 2438 1093 2476 Burri
1121 2437 1300 2486 predicte
1328 2435 1493 2473 ecclesie
1521 2447 1614 2471 cum
1643 2433 1728 2471 filia
1752 2445 1824 2470 sua
1850 2431 2028 2492 1110111311,

131 2493 172 2529 et
200 2492 313 2530 duas*
327 2492 445 2531 hidas
474 2493 524 2530 de
552 2492 700 2530 Foxlee
729 2506 830 2541 quas
859 2492 970 2530 dedit
997 2493 1181 2541 Rogerus
1210 2491 1258 2528 de
1287 2489 1434 2527 Bohlai
1461 2501 1554 2526 cum
1584 2487 1670 2524 filia
1693 2499 1765 2524 sua
1790 2486 1970 2545 1110111311,
1993 2487 2033 2522 et

131 2545 348 2584 dimidiam
385 2547 527 2584 hidam
567 2546 617 2584 de
646 2546 765 2584 firma
799 2559 921 2596 quam
960 2546 1124 2584 Eiulfus
1155 2544 1378 2582 vicecomes
1410 2543 1596 2579 tenuerat
1633 2541 1680 2578 de
1718 2542 1823 2577 terra
1856 2538 2033 2598 predicte

131 2599 296 2638 ecclesie
323 2602 364 2638 et
393 2600 607 2650 postmodo
635 2601 804 2638 tandem
832 2599 1002 2637 tradidit
1030 2612 1120 2637 eam
1149 2598 1281 2635 eidem
1309 2596 1472 2635 ecclesie
1503 2608 1597 2632 cum
1634 2594 1719 2631 filia
1756 2606 1828 2630 sua
1866 2591 2033 2653 1110111311

132 2653 175 2691 111
214 2653 397 2692 dominio
434 2654 736 2703 possidendam.
817 2654 872 2692 Et
910 2653 954 2691 111
996 2653 1234 2701 Bremelega
1272 2651 1470 2699 virgatam
1515 2651 1554 2686 et
1595 2651 1768 2707 terram
1788 2647 1836 2683 de
1878 2645 2034 2707 Seltant

131 2720 232 2756 quas
259 2708 466 2746 Aluredus
498 2708 692 2757 pincerna
721 2707 836 2746 dedit
861 2720 956 2745 cum
986 2707 1071 2745 filia
1099 2718 1172 2743 sua
1200 2705 1381 2743 moniali.
1449 2711 1482 2745 -4-
1499 2699 1901 2761 8181111111ὝΧῙ111011111
1929 2712 2034 2759 regis

134 2761 378 2810 Anglorum.
403 2770 437 2804 —4-
461 2761 635 2810 Signum
660 2761 818 2799 Thome
843 2760 1148 2810 archiepiscopi.
1172 2766 1205 2801 ÷
1227 2758 1401 2808 Signum
1423 2756 1609 2795 Mauricii
1630 2767 1805 2814 0111800111
1831 2752 2033 2813 Lundoni-

133 2815 255 2854 ensis.
270 2823 303 2857 -{-
326 2816 501 2865 Signum
514 2815 743 2853 Walkelini
756 2815 888 2853 Wint’
902 2815 1092 2864 episcopi.
1112 2821 1145 2855 ÷
1167 2813 1340 2862 Signum
1353 2812 1379 2849 J
1382 2810 1556 2848 ohannis
1570 2810 1829 2867 Batomensis
1842 2818 2028 2866 episcopi.

142 2876 175 2910 ÷
197 2868 372 2919 Signum
399 2869 568 2907 Roberti
595 2870 821 2907 Cestrensis
848 2868 1036 2918 episcopi.
1061 2876 1094 2911 ÷
1118 2867 1291 2916 Signum
1311 2864 1479 2903 Roberti
1504 2861 1813 2901 Hei-esordenffls
1840 2872 2027 2908 episcopl.

141 2930 174 2965 ÷
199 2923 376 2972 Signum
396 2923 582 2961 Turstini
603 2922 971 2972 Glastingbriensis
990 2921 1167 2960 Abbatis
1186 2923 1255 2958 810.

180 2985 369 3031 [Register
386 2986 427 3021 of
443 2985 684 3031 Shaftesbury
701 2985 840 3030 Abbey,
858 2984 961 3019 Harl.
979 2983 1190 3065 lll‘ISilIgLeig).
1211 2982 1280 3027 23]

1057 3115 1116 3154 LI

371 3189 571 3224 William
598 3189 647 3224 ΙΙ
677 3189 725 3223 in
753 3189 912 3224 favour
942 3188 990 3223 os
1015 3188 1072 3223 St.
1106 3187 1299 3222 Pancras
1328 3185 1375 3219 of
1400 3185 1551 3219 Lewes
1573 3177 1802 3226 (1088-91).

189 3257 345 3295 Notum
373 3256 428 3295 sit
455 3257 713 3305 presentibus
732 3258 770 3294 et
797 3255 949 3294 futuris
973 3255 1078 3304 quod
1108 3267 1180 3302 ego
1208 3252 1450 3290 Willelmus
1469 3250 1531 3287 dei
1551 3248 1681 3297 gratia
1700 3247 1784 3283 Rex
1805 3245 2037 3307 Anglorum

134 3310 309 3349 concedo
336 3310 583 3348 monasterio
623 3310 762 3349 Sancti
797 3309 1009 3347 Pancracii
1039 3308 1145 3357 quod
1174 3307 1301 3344 situm
1330 3308 1391 3343 est
1418 3304 1524 3353 apud
1554 3303 1723 3346 Leuuas,
1757 3301 1797 3337 et
1827 3300 2038 3359 monachis

135 3364 471 3403 Cluniacensibus
491 3363 645 3402 ibidem
666 3364 740 3402 deo
761 3364 986 3412 Sancteque
1005 3361 1225 3399 Pancracio
1244 3358 1549 3403 famulantibus,
1569 3369 1641 3404 pro
1656 3354 1784 3392 salute
1799 3365 1932 3412 anime
1948 3366 2036 3391 mee

134 3420 175 3457 et
203 3420 506 3456 antecessorum
535 3430 730 3465 meorum,
759 3417 1024 3454 elemosinam
1049 3427 1172 3464 quam
1191 3412 1432 3450 VVillelmus
1452 3411 1501 3448 de
1520 3410 1731 3446 Warenna
1750 3406 1927 3466 predicte
1946 3420 2036 3444 con-

133 3471 360 3522 gregationi
379 3484 452 3521 pro
472 3471 602 3509 salute
621 3471 757 3509 anime
777 3483 848 3508 sue
868 3469 990 3517 dedit,
1010 3467 1265 3505 mansionem
1280 3465 1468 3504 videlicet
1483 3477 1559 3514 que
1579 3461 1777 3501 Erceham
1799 3463 2038 3499 nominatur

1048 3534 1123 3570 1³2

2065 366 2244 402 Calendar

2066 412 2130 448 No.
2152 414 2230 448 291.

2065 869 2248 904 'calendar

2066 915 2131 950 No.
2150 915 2229 952 293.

2065 1424 2249 1460 Calendar

2065 1471 2131 1505 No.
2153 1471 2231 1506 305.

2066 1985 2248 2020 Calendar

2067 2031 2133 2066 No.
2157 2031 2234 2066 309.

2071 3185 2251 3221 Calendar

2070 3232 2135 3268 No.
2156 3232 2233 3267 325.

2256 208 2323 250 131
